2079 3613
372 355 374 357 ’
451 356 558 430 547
697 353 1135 426 ΤΗΕΒΑιῡοε,
1189 356 1331 402 LIB.
1377 356 1468 401 ιι.
1733 340 1805 415 41

302 484 351 524 J
373 463 783 535 Difficilemque
822 452 938 511 tibi.
975 455 1092 507 Nec
1127 449 1262 505 dum
1301 447 1713 523 consumpserit

467 567 695 605 annum.
1619 588 1640 603 ᾖ

324 657 351 686 κ
372 635 464 690 Me
499 651 729 710 quoque
759 647 921 693 nune!
942 636 1098 681 vates
1117 664 1133 692 ‚
1170 640 1327 678 nunc
1356 630 1486 675 exta
1519 618 1784 693 minantia

450 719 659 787 DivoS‚

320 830 348 859 α
370 808 488 862 Aut
513 805 697 863 avium
724 805 945 878 lapsus,
978 811 1073 855 aut
1101 793 1322 852 turbida
1350 791 1533 849 noctis
1561 791 1743 867 imago

322 918 351 947 κ
371 894 635 950 Territat.
656 890 780 960 Ah,
804 885 1065 956 memini,
1092 899 1377 957 nunquam
1397 877 1535 935 mihi
1554 876 1689 935 salsa
1713 897 1819 954 per

464 977 696 1034 umbras

318 1088 348 1117 α
367 1064 403 1118 J
406 1082 519 1118 uno
540 1061 715 1119 venit.
737 1063 864 1131 Quo
885 1055 1070 1111 tendis
1090 1051 1230 1107 iter?
1243 1070 1351 1124 quo
1375 1050 1630 1106 conscius
1650 1047 1816 1104 ardor

321 1171 348 1199 ιι
371 1144 577 1214 Ducit,
607 1154 662 1198 et
679 1142 752 1197 ad
771 1138 998 1197 Thebas
1022 1135 1220 1213 melior
1239 1134 1441 1191 socer?
1458 1158 1488 1187 ιι
1515 1135 1623 1190 Hic
1639 1128 1813 1215 breve

463 1228 696 1287 tandem

313 1316 461 1374 Risit
484 1313 784 1373 Echionius
808 1312 1063 1388 juveniS‚
1097 1320 1464 1384 tenerumque
1491 1306 1746 1362 dolorem

315 1404 582 1480 Coniugis
608 1405 874 1476 amplexu
899 1395 1138 1469 solatur3
1166 1409 1223 1451 et
1249 1397 1437 1451 oscula
1460 1393 1667 1449 moestis

313 1488 670 1566 Tempestiva
699 1484 854 1562 genis
876 1481 1095 1559 posuit,
1117 1481 1502 1558 lacrymasque
1518 1479 1815 1555 repressit:

376 1598 421 1661 .“
439 1573 603 1630 Solve
638 1587 821 1629 metus
855 1570 1080 1627 animo:
1119 1569 1344 1625 dabitur
1362 1608 1379 1639 ‚
1418 1566 1560 1623 mihi
1599 1564 1811 1633 crede,

378 1714 385 1727 ,
460 1671 779 1716 merentum

316 1770 345 1800 ι(
363 1745 623 1803 Consiliis
647 1746 955 1823 tranquilla
973 1743 1115 1830 dies,
1145 1743 1229 1800 Te
1253 1720 1455 1801 fortior
1480 1738 1639 1797 annis
1679 1782 1682 1785 -

317 1855 346 1890 ᾳ
364 1832 626 1887 Nondum
651 1853 783 1887 cura
811 1835 996 1889 decet
1024 1831 1177 1889 Sciat
1193 1829 1321 1898 haec
1347 1826 1641 1894 Saturnius
1680 1823 1812 1881 olim

317 1941 346 1970 ι(
367 1919 504 1975 Fata
532 1936 767 1994 parenS,
798 1917 1098 1990 oculosque
1123 1915 1264 1990 polo,
1291 1909 1574 1966 dimittere
1604 1911 1650 1965 si
1674 1926 1815 1988 quos

317 2026 345 2054 α
363 2005 398 2058 J
403 2003 590 2068 ustitia
609 2046 624 2073 ‚
657 2015 714 2058 et
739 2015 950 2060 rectum
977 1999 1138 2057 terris
1160 1994 1466 2053 defendere
1490 2005 1671 2049 curat.

315 2110 343 2139 κ
364 2089 501 2143 Fors
525 2088 706 2144 aderit
733 2090 830 2146 lux
857 2087 950 2143 illa
979 2084 1112 2154 tibi,
1148 2105 1258 2160 qua
1295 2079 1498 2139 moenia
1528 2099 1727 2136 cernes

312 2197 341 2226 ι(
363 2173 628 2249 Coniugis
645 2214 660 2243 ‚
695 2187 750 2229 et
777 2172 1022 2247 geminas
1049 2169 1156 2236 ibis
1176 2169 1368 2243 regina
1390 2186 1496 2244 per
1521 2164 1706 2222 urbes.
1729 2186 1758 2216 a

381 2259 474 2315 Sic
504 2258 614 2325 ait,
649 2270 705 2312 et
734 2254 1101 2331 caroraptim
1128 2272 1184 2308 sc
1217 2251 1403 2308 limine
1431 2250 1675 2326 profert.

309 2346 510 2419 Tydea
534 2347 645 2418 jam
668 2343 879 2399 socium
899 2340 1125 2415 coepti5‚
1153 2342 1265 2414 jam
1271 2349 1519 2435 pectore
1548 2334 1665 2389 fido

309 2429 649 2501 AEquantem
679 2447 839 2483 curas
865 2425 1091 2504 (tantus
1105 2436 1244 2500 post
1268 2421 1445 2497 jurgia
1464 2432 1685 2475 mentes

310 2511 517 2567 vinxit
551 2532 704 2566 amor
727 2511 763 2587 )
790 2530 1152 2599 socerumque
1192 2508 1395 2563 affatur
1435 2505 1610 2562 tristis

462 2594 815 2662 Adrastum.
1785 2639 1790 2652 ,

296 2685 305 2689 ’
388 2682 522 2737 «Fit
546 2699 701 2736 mora
739 2676 998 2736 consilio:
1030 2695 1158 2732 cum
1198 2677 1374 2732 multa
1412 2675 1769 2731 moventibus
1790 2687 1810 2745 ‘‚‘

464 2788 576 2822 una

315 2881 341 2910 κ
360 2859 396 2913 J
400 2876 490 2911 am
513 2852 705 2929 potior
729 2849 945 2908 cunctis
971 2849 1120 2907 sedit
1146 2846 1448 2912 sententia,
1476 2844 1660 2901 fratris

318 2965 345 2992 κ
365 2943 697 2998 Praetentare
723 2936 924 3006 fidem,
948 2949 1212 3014 tutosque
1240 2932 1299 2987 in
1321 2951 1493 3018 regna
1518 2933 1807 3006 precando

320 3049 347 3077 α
367 3017 669 3103 Exploraie
697 3025 944 3082 aditus.»
970 3023 1176 3080 Audax
1201 3043 1267 3077 ea
1291 3039 1525 3075 munera
1544 3020 1772 3094 Tydeus

314 3111 523 3185 Sponte
545 3111 713 3170 subit.·
733 3112 848 3170 Nec
873 3130 1005 3168 ιιοιι
1012 3122 1070 3166 et
1093 3121 1181 3180 tc,
1191 3095 1503 3190 fortissime
1533 3107 1730 3186 gentis
