<?xml version="1.0" encoding="UTF-8"?>
<!DOCTYPE html PUBLIC "-//W3C//DTD XHTML 1.0 Transitional//EN"
    "http://www.w3.org/TR/xhtml1/DTD/xhtml1-transitional.dtd">
<html xmlns="http://www.w3.org/1999/xhtml" xml:lang="en" lang="en">
 <head>
  <title>
</title>
<meta http-equiv="Content-Type" content="text/html;charset=utf-8" />
  <meta name='ocr-system' content='tesseract 3.04.00' />
  <meta name='ocr-capabilities' content='ocr_page ocr_carea ocr_par ocr_line ocrx_word'/>
</head>
<body>
  <div class='ocr_page' id='page_1' title='image "./operaadoptimeed00statgoog/operaadoptimeed00statgoog_0397.png"; bbox 0 0 2079 3613; ppageno 0'>
   <div class='ocr_carea' id='block_1_1' title="bbox 511 262 1808 343">
    <p class='ocr_par' dir='ltr' id='par_1_1' title="bbox 511 262 1808 343">
     <span class='ocr_line' id='line_1_1' title="bbox 511 262 1808 343; baseline -0.002 -17"><span class='ocrx_word' id='word_1_1' title='bbox 511 270 620 342; x_wconf 75' lang='lat'><strong>&#39;410</strong></span> <span class='ocrx_word' id='word_1_2' title='bbox 729 269 1167 333; x_wconf 73' lang='lat' dir='ltr'><strong>THEBAlnos,</strong></span> <span class='ocrx_word' id='word_1_3' title='bbox 1216 267 1364 321; x_wconf 78' lang='lat' dir='ltr'><strong>Lm.</strong></span> <span class='ocrx_word' id='word_1_4' title='bbox 1413 274 1551 322; x_wconf 71' lang='grc' dir='ltr'><strong>ΧΠ.</strong></span> <span class='ocrx_word' id='word_1_5' title='bbox 1678 262 1808 343; x_wconf 80' lang='lat'><strong>369</strong></span> 
     </span>
    </p>
   </div>
   <div class='ocr_carea' id='block_1_2' title="bbox 301 366 1812 1810">
    <p class='ocr_par' dir='ltr' id='par_1_2' title="bbox 308 366 1808 869">
     <span class='ocr_line' id='line_1_2' title="bbox 315 366 1736 444; baseline 0.001 -21"><span class='ocrx_word' id='word_1_6' title='bbox 315 366 429 437; x_wconf 88' lang='lat' dir='ltr'><strong>Qui</strong></span> <span class='ocrx_word' id='word_1_7' title='bbox 448 367 703 426; x_wconf 87' lang='lat' dir='ltr'><strong>turbatus</strong></span> <span class='ocrx_word' id='word_1_8' title='bbox 728 368 939 437; x_wconf 90' lang='lat' dir='ltr'><strong>adhuc,</strong></span> <span class='ocrx_word' id='word_1_9' title='bbox 969 381 1024 424; x_wconf 84' lang='lat' dir='ltr'><strong>et</strong></span> <span class='ocrx_word' id='word_1_10' title='bbox 1050 368 1319 444; x_wconf 83' lang='lat' dir='ltr'><strong>sanguine</strong></span> <span class='ocrx_word' id='word_1_11' title='bbox 1346 367 1573 425; x_wconf 89' lang='lat' dir='ltr'><strong>decolor</strong></span> <span class='ocrx_word' id='word_1_12' title='bbox 1597 366 1736 425; x_wconf 85' lang='lat' dir='ltr'><strong>ibat.</strong></span> 
     </span>
     <span class='ocr_line' id='line_1_3' title="bbox 314 452 1590 529; baseline 0.003 -23"><span class='ocrx_word' id='word_1_13' title='bbox 314 452 444 508; x_wconf 89' lang='lat' dir='ltr'><strong>Huc</strong></span> <span class='ocrx_word' id='word_1_14' title='bbox 469 453 680 511; x_wconf 84' lang='lat' dir='ltr'><strong>laceros</strong></span> <span class='ocrx_word' id='word_1_15' title='bbox 706 467 855 510; x_wconf 83' lang='lat' dir='ltr'><strong>artus</strong></span> <span class='ocrx_word' id='word_1_16' title='bbox 876 452 1025 509; x_wconf 89' lang='lat' dir='ltr'><strong>socio</strong></span> <span class='ocrx_word' id='word_1_17' title='bbox 1048 453 1337 509; x_wconf 88' lang='lat' dir='ltr'><strong>conamine</strong></span> <span class='ocrx_word' id='word_1_18' title='bbox 1358 466 1590 529; x_wconf 84' lang='lat' dir='ltr'><strong>portant</strong></span> 
     </span>
     <span class='ocr_line' id='line_1_4' title="bbox 314 534 1691 616; baseline 0.004 -24"><span class='ocrx_word' id='word_1_19' title='bbox 314 534 616 612; x_wconf 66' lang='lat' dir='ltr'><strong>Imialidae‚</strong></span> <span class='ocrx_word' id='word_1_20' title='bbox 638 541 926 616; x_wconf 84' lang='lat' dir='ltr'><strong>jungitque</strong></span> <span class='ocrx_word' id='word_1_21' title='bbox 947 559 1134 599; x_wconf 85' lang='lat' dir='ltr'><strong>comes</strong></span> <span class='ocrx_word' id='word_1_22' title='bbox 1156 561 1267 596; x_wconf 90' lang='lat' dir='ltr'><strong>non</strong></span> <span class='ocrx_word' id='word_1_23' title='bbox 1297 541 1501 596; x_wconf 86' lang='lat' dir='ltr'><strong>sortior</strong></span> <span class='ocrx_word' id='word_1_24' title='bbox 1514 539 1691 597; x_wconf 88' lang='lat' dir='ltr'><strong>ulnas.</strong></span> 
     </span>
     <span class='ocr_line' id='line_1_5' title="bbox 309 614 1640 706; baseline 0.001 -26"><span class='ocrx_word' id='word_1_25' title='bbox 309 624 401 680; x_wconf 81' lang='lat' dir='ltr'><strong>Sic</strong></span> <span class='ocrx_word' id='word_1_26' title='bbox 422 626 833 702; x_wconf 78' lang='lat' dir='ltr'>Hyperionium</span> <span class='ocrx_word' id='word_1_27' title='bbox 859 623 1056 706; x_wconf 88' lang='lat' dir='ltr'><strong>tepido</strong></span> <span class='ocrx_word' id='word_1_28' title='bbox 1085 624 1394 681; x_wconf 68' lang='lat' dir='ltr'><strong>Phaetonta</strong></span> <span class='ocrx_word' id='word_1_29' title='bbox 1415 614 1640 682; x_wconf 82' lang='lat' dir='ltr'><strong>sorores</strong></span> 
     </span>
     <span class='ocr_line' id='line_1_6' title="bbox 308 708 1738 784; baseline 0 -21"><span class='ocrx_word' id='word_1_30' title='bbox 308 709 639 768; x_wconf 87' lang='lat' dir='ltr'><strong>Fumantem</strong></span> <span class='ocrx_word' id='word_1_31' title='bbox 659 709 847 768; x_wconf 87' lang='lat' dir='ltr'><strong>lavere</strong></span> <span class='ocrx_word' id='word_1_32' title='bbox 872 710 1043 766; x_wconf 87' lang='lat' dir='ltr'><strong>Pado.</strong></span> <span class='ocrx_word' id='word_1_33' title='bbox 1075 708 1181 764; x_wconf 82' lang='lat' dir='ltr'><strong>vix</strong></span> <span class='ocrx_word' id='word_1_34' title='bbox 1208 708 1340 764; x_wconf 91' lang='lat' dir='ltr'><strong>dum</strong></span> <span class='ocrx_word' id='word_1_35' title='bbox 1358 709 1449 765; x_wconf 89' lang='lat' dir='ltr'><strong>ille</strong></span> <span class='ocrx_word' id='word_1_36' title='bbox 1478 708 1738 784; x_wconf 89' lang='lat' dir='ltr'><strong>sepulcro</strong></span> 
     </span>
     <span class='ocr_line' id='line_1_7' title="bbox 315 792 1808 869; baseline -0.001 -20"><span class='ocrx_word' id='word_1_37' title='bbox 315 792 589 850; x_wconf 86' lang='lat' dir='ltr'>Conditus</span> <span class='ocrx_word' id='word_1_38' title='bbox 607 835 624 865; x_wconf 90' lang='lat'>‚</span> <span class='ocrx_word' id='word_1_39' title='bbox 654 808 710 850; x_wconf 92' lang='lat' dir='ltr'><strong>et</strong></span> <span class='ocrx_word' id='word_1_40' title='bbox 729 794 922 851; x_wconf 85' lang='lat' dir='ltr'><strong>flentes</strong></span> <span class='ocrx_word' id='word_1_41' title='bbox 949 805 1097 850; x_wconf 82' lang='lat' dir='ltr'><strong>stant</strong></span> <span class='ocrx_word' id='word_1_42' title='bbox 1126 792 1338 849; x_wconf 89' lang='lat' dir='ltr'><strong>circum</strong></span> <span class='ocrx_word' id='word_1_43' title='bbox 1364 794 1591 850; x_wconf 85' lang='lat' dir='ltr'><strong>flumina</strong></span> <span class='ocrx_word' id='word_1_44' title='bbox 1613 792 1808 869; x_wconf 81' lang='lat' dir='ltr'><strong>sylvae.</strong></span> 
     </span>
    </p>

    <p class='ocr_par' dir='ltr' id='par_1_3' title="bbox 308 878 1812 1041">
     <span class='ocr_line' id='line_1_8' title="bbox 382 878 1812 956; baseline -0.001 -22"><span class='ocrx_word' id='word_1_45' title='bbox 382 880 462 935; x_wconf 83' lang='lat' dir='ltr'><strong>Ut</strong></span> <span class='ocrx_word' id='word_1_46' title='bbox 487 881 669 935; x_wconf 86' lang='lat' dir='ltr'><strong>sanies</strong></span> <span class='ocrx_word' id='word_1_47' title='bbox 694 891 931 956; x_wconf 82' lang='lat' dir='ltr'><strong>purgata</strong></span> <span class='ocrx_word' id='word_1_48' title='bbox 950 878 1130 949; x_wconf 85' lang='lat' dir='ltr'><strong>vad0‚</strong></span> <span class='ocrx_word' id='word_1_49' title='bbox 1158 878 1533 955; x_wconf 84' lang='lat' dir='ltr'>membrisque</span> <span class='ocrx_word' id='word_1_50' title='bbox 1558 896 1812 937; x_wconf 88' lang='lat' dir='ltr'><strong>reversus</strong></span> 
     </span>
     <span class='ocr_line' id='line_1_9' title="bbox 308 962 1565 1041; baseline 0.002 -23"><span class='ocrx_word' id='word_1_51' title='bbox 308 963 511 1019; x_wconf 89' lang='lat' dir='ltr'><strong>Mortis</strong></span> <span class='ocrx_word' id='word_1_52' title='bbox 535 962 715 1019; x_wconf 85' lang='lat' dir='ltr'><strong>honos</strong></span> <span class='ocrx_word' id='word_1_53' title='bbox 732 1007 746 1031; x_wconf 93' lang='lat'>,</span> <span class='ocrx_word' id='word_1_54' title='bbox 770 965 954 1041; x_wconf 86' lang='lat' dir='ltr'>ignem</span> <span class='ocrx_word' id='word_1_55' title='bbox 978 964 1188 1019; x_wconf 82' lang='lat' dir='ltr'><strong>miserae</strong></span> <span class='ocrx_word' id='word_1_56' title='bbox 1212 977 1345 1039; x_wconf 86' lang='lat' dir='ltr'><strong>post</strong></span> <span class='ocrx_word' id='word_1_57' title='bbox 1370 965 1565 1022; x_wconf 83' lang='lat' dir='ltr'><strong>ultima</strong></span> 
     </span>
    </p>

    <p class='ocr_par' dir='ltr' id='par_1_4' title="bbox 304 1056 1806 1483">
     <span class='ocr_line' id='line_1_10' title="bbox 513 1056 1496 1125; baseline 0 -19"><span class='ocrx_word' id='word_1_58' title='bbox 513 1062 765 1125; x_wconf 87' lang='lat' dir='ltr'><strong>quaerunt</strong></span> <span class='ocrx_word' id='word_1_59' title='bbox 1491 1056 1496 1059; x_wconf 74' lang='grc'><em>“</em></span> 
     </span>
     <span class='ocr_line' id='line_1_11' title="bbox 307 1132 1784 1210; baseline -0.001 -17"><span class='ocrx_word' id='word_1_60' title='bbox 307 1133 514 1193; x_wconf 82' lang='lat' dir='ltr'>Oscula</span> <span class='ocrx_word' id='word_1_61' title='bbox 543 1155 555 1188; x_wconf 91' lang='lat'>:</span> <span class='ocrx_word' id='word_1_62' title='bbox 583 1133 679 1191; x_wconf 89' lang='lat' dir='ltr'><strong>sed</strong></span> <span class='ocrx_word' id='word_1_63' title='bbox 701 1132 898 1208; x_wconf 82' lang='lat' dir='ltr'><strong>gelidae</strong></span> <span class='ocrx_word' id='word_1_64' title='bbox 924 1133 1137 1190; x_wconf 90' lang='lat' dir='ltr'><strong>circum</strong></span> <span class='ocrx_word' id='word_1_65' title='bbox 1160 1133 1555 1210; x_wconf 81' lang='lat' dir='ltr'><strong>exanimesque</strong></span> <span class='ocrx_word' id='word_1_66' title='bbox 1580 1132 1784 1193; x_wconf 74' lang='lat' dir='ltr'><strong>favillae</strong></span> 
     </span>
     <span class='ocr_line' id='line_1_12' title="bbox 307 1220 1806 1296; baseline -0.001 -20"><span class='ocrx_word' id='word_1_67' title='bbox 307 1220 574 1277; x_wconf 90' lang='lat' dir='ltr'><strong>Putribus</strong></span> <span class='ocrx_word' id='word_1_68' title='bbox 589 1220 649 1276; x_wconf 91' lang='lat' dir='ltr'><strong>in</strong></span> <span class='ocrx_word' id='word_1_69' title='bbox 672 1220 877 1289; x_wconf 66' lang='lat' dir='ltr'><strong>foveis,</strong></span> <span class='ocrx_word' id='word_1_70' title='bbox 907 1232 1075 1296; x_wconf 85' lang='lat' dir='ltr'><strong>atque</strong></span> <span class='ocrx_word' id='word_1_71' title='bbox 1103 1221 1288 1277; x_wconf 87' lang='lat' dir='ltr'><strong>omnia</strong></span> <span class='ocrx_word' id='word_1_72' title='bbox 1308 1220 1474 1281; x_wconf 87' lang='lat' dir='ltr'><strong>busta</strong></span> <span class='ocrx_word' id='word_1_73' title='bbox 1489 1220 1806 1296; x_wconf 85' lang='lat' dir='ltr'><strong>quiescunt.</strong></span> 
     </span>
     <span class='ocr_line' id='line_1_13' title="bbox 304 1304 1648 1381; baseline -0.002 -18"><span class='ocrx_word' id='word_1_74' title='bbox 304 1305 503 1363; x_wconf 82' lang='lat' dir='ltr'><strong>Stabat</strong></span> <span class='ocrx_word' id='word_1_75' title='bbox 528 1305 713 1362; x_wconf 89' lang='lat' dir='ltr'><strong>adhuc</strong></span> <span class='ocrx_word' id='word_1_76' title='bbox 739 1324 840 1362; x_wconf 90' lang='lat' dir='ltr'><strong>seu</strong></span> <span class='ocrx_word' id='word_1_77' title='bbox 855 1305 1002 1362; x_wconf 85' lang='lat' dir='ltr'><strong>forte</strong></span> <span class='ocrx_word' id='word_1_78' title='bbox 1019 1343 1037 1376; x_wconf 87' lang='lat'>,</span> <span class='ocrx_word' id='word_1_79' title='bbox 1069 1324 1266 1381; x_wconf 78' lang='lat' dir='ltr'><strong>roguS,</strong></span> <span class='ocrx_word' id='word_1_80' title='bbox 1296 1323 1393 1361; x_wconf 88' lang='lat' dir='ltr'><strong>seu</strong></span> <span class='ocrx_word' id='word_1_81' title='bbox 1420 1304 1648 1363; x_wconf 70' lang='lat' dir='ltr'><strong>mnnine</strong></span> 
     </span>
     <span class='ocr_line' id='line_1_14' title="bbox 448 1383 1602 1483; baseline -0.001 -34"><span class='ocrx_word' id='word_1_82' title='bbox 448 1444 467 1483; x_wconf 46' lang='grc' dir='ltr'><strong>Ι,</strong></span> <span class='ocrx_word' id='word_1_83' title='bbox 526 1391 731 1450; x_wconf 90' lang='lat' dir='ltr'><strong>Divum</strong></span> <span class='ocrx_word' id='word_1_84' title='bbox 749 1434 768 1463; x_wconf 84' lang='lat'><strong>,</strong></span> <span class='ocrx_word' id='word_1_85' title='bbox 1592 1383 1602 1389; x_wconf 33' lang='lat'>³</span> 
     </span>
    </p>

    <p class='ocr_par' dir='ltr' id='par_1_5' title="bbox 301 1470 1687 1810">
     <span class='ocr_line' id='line_1_15' title="bbox 305 1470 1598 1538; baseline -0.005 0"><span class='ocrx_word' id='word_1_86' title='bbox 305 1470 411 1538; x_wconf 72' lang='lat' dir='ltr'><strong>&#39;Cui</strong></span> <span class='ocrx_word' id='word_1_87' title='bbox 438 1492 647 1535; x_wconf 87' lang='lat' dir='ltr'><strong>torrere</strong></span> <span class='ocrx_word' id='word_1_88' title='bbox 671 1478 864 1536; x_wconf 84' lang='lat' dir='ltr'><strong>datum</strong></span> <span class='ocrx_word' id='word_1_89' title='bbox 884 1498 1057 1537; x_wconf 83' lang='lat' dir='ltr'><strong>saevos</strong></span> <span class='ocrx_word' id='word_1_90' title='bbox 1075 1478 1369 1536; x_wconf 84' lang='lat' dir='ltr'><strong>Eteocleos</strong></span> <span class='ocrx_word' id='word_1_91' title='bbox 1394 1489 1549 1535; x_wconf 86' lang='lat' dir='ltr'><strong>artus</strong></span> <span class='ocrx_word' id='word_1_92' title='bbox 1582 1495 1598 1533; x_wconf 75' lang='lat' dir='ltr'><strong><em>z</em></strong></span> 
     </span>
     <span class='ocr_line' id='line_1_16' title="bbox 303 1561 1687 1639; baseline -0.001 -19"><span class='ocrx_word' id='word_1_93' title='bbox 303 1565 429 1623; x_wconf 88' lang='lat' dir='ltr'><strong>Sive</strong></span> <span class='ocrx_word' id='word_1_94' title='bbox 455 1562 639 1621; x_wconf 89' lang='lat' dir='ltr'><strong>locum</strong></span> <span class='ocrx_word' id='word_1_95' title='bbox 658 1564 918 1621; x_wconf 84' lang='lat' dir='ltr'><strong>monstris</strong></span> <span class='ocrx_word' id='word_1_96' title='bbox 943 1566 1148 1621; x_wconf 83' lang='lat' dir='ltr'><strong>iterum</strong></span> <span class='ocrx_word' id='word_1_97' title='bbox 1171 1563 1396 1620; x_wconf 85' lang='lat' dir='ltr'><strong>fortuna</strong></span> <span class='ocrx_word' id='word_1_98' title='bbox 1420 1561 1687 1639; x_wconf 85' lang='lat' dir='ltr'><strong>parabat,</strong></span> 
     </span>
     <span class='ocr_line' id='line_1_17' title="bbox 302 1649 1601 1723; baseline -0.002 -17"><span class='ocrx_word' id='word_1_99' title='bbox 302 1652 412 1707; x_wconf 90' lang='lat' dir='ltr'><strong>Seu</strong></span> <span class='ocrx_word' id='word_1_100' title='bbox 437 1650 772 1707; x_wconf 86' lang='lat' dir='ltr'><strong>discessuros</strong></span> <span class='ocrx_word' id='word_1_101' title='bbox 792 1662 1108 1707; x_wconf 86' lang='lat' dir='ltr'><strong>servaverat</strong></span> <span class='ocrx_word' id='word_1_102' title='bbox 1134 1649 1402 1705; x_wconf 89' lang='lat' dir='ltr'><strong>Eumenis</strong></span> <span class='ocrx_word' id='word_1_103' title='bbox 1421 1649 1601 1723; x_wconf 84' lang='lat' dir='ltr'><strong>ignes.</strong></span> 
     </span>
     <span class='ocr_line' id='line_1_18' title="bbox 301 1732 1620 1810; baseline -0.005 -17"><span class='ocrx_word' id='word_1_104' title='bbox 301 1737 659 1793; x_wconf 87' lang='lat' dir='ltr'><strong>Hic·tenuem</strong></span> <span class='ocrx_word' id='word_1_105' title='bbox 685 1735 857 1810; x_wconf 81' lang='lat' dir='ltr'><strong>nigris</strong></span> <span class='ocrx_word' id='word_1_106' title='bbox 884 1734 1189 1790; x_wconf 84' lang='lat' dir='ltr'><strong>etiamnum</strong></span> <span class='ocrx_word' id='word_1_107' title='bbox 1215 1735 1404 1792; x_wconf 84' lang='lat' dir='ltr'><strong>vivere</strong></span> <span class='ocrx_word' id='word_1_108' title='bbox 1430 1732 1620 1790; x_wconf 85' lang='lat' dir='ltr'><strong>lucem</strong></span> 
     </span>
    </p>
   </div>
   <div class='ocr_carea' id='block_1_3' title="bbox 206 1818 1655 1896">
    <p class='ocr_par' dir='ltr' id='par_1_6' title="bbox 206 1818 1655 1896">
     <span class='ocr_line' id='line_1_19' title="bbox 206 1818 1655 1896; baseline -0.005 -15"><span class='ocrx_word' id='word_1_109' title='bbox 206 1832 211 1838; x_wconf 87' lang='lat'>&#39;</span> <span class='ocrx_word' id='word_1_110' title='bbox 298 1822 622 1881; x_wconf 86' lang='lat' dir='ltr'><strong>Roboribus</strong></span> <span class='ocrx_word' id='word_1_111' title='bbox 638 1821 854 1896; x_wconf 81' lang='lat' dir='ltr'><strong>pariter</strong></span> <span class='ocrx_word' id='word_1_112' title='bbox 882 1820 1103 1896; x_wconf 84' lang='lat' dir='ltr'><strong>cupidae</strong></span> <span class='ocrx_word' id='word_1_113' title='bbox 1128 1819 1348 1889; x_wconf 83' lang='lat' dir='ltr'><strong>videre3</strong></span> <span class='ocrx_word' id='word_1_114' title='bbox 1379 1818 1655 1893; x_wconf 90' lang='lat' dir='ltr'><strong>simulque</strong></span> 
     </span>
    </p>
   </div>
   <div class='ocr_carea' id='block_1_4' title="bbox 291 1898 1798 3008">
    <p class='ocr_par' dir='ltr' id='par_1_7' title="bbox 291 1898 1798 3008">
     <span class='ocr_line' id='line_1_20' title="bbox 299 1898 1798 1982; baseline -0.005 -16"><span class='ocrx_word' id='word_1_115' title='bbox 299 1906 513 1966; x_wconf 84' lang='lat' dir='ltr'><strong>Flebile</strong></span> <span class='ocrx_word' id='word_1_116' title='bbox 535 1905 768 1982; x_wconf 73' lang='lat' dir='ltr'><strong>gavisae,</strong></span> <span class='ocrx_word' id='word_1_117' title='bbox 799 1926 903 1962; x_wconf 88' lang='lat' dir='ltr'><strong>nec</strong></span> <span class='ocrx_word' id='word_1_118' title='bbox 929 1904 1117 1962; x_wconf 85' lang='lat' dir='ltr'><strong>adhuc</strong></span> <span class='ocrx_word' id='word_1_119' title='bbox 1144 1924 1268 1980; x_wconf 84' lang='lat' dir='ltr'><strong>quae</strong></span> <span class='ocrx_word' id='word_1_120' title='bbox 1293 1898 1456 1959; x_wconf 86' lang='lat' dir='ltr'><strong>busta</strong></span> <span class='ocrx_word' id='word_1_121' title='bbox 1481 1911 1798 1979; x_wconf 76' lang='lat' dir='ltr'><strong>repertum:</strong></span> 
     </span>
     <span class='ocr_line' id='line_1_21' title="bbox 296 1989 1563 2071; baseline -0.006 -18"><span class='ocrx_word' id='word_1_122' title='bbox 296 1996 380 2054; x_wconf 88' lang='lat' dir='ltr'><strong>Sit</strong></span> <span class='ocrx_word' id='word_1_123' title='bbox 400 1992 655 2071; x_wconf 87' lang='lat' dir='ltr'><strong>placidus</strong></span> <span class='ocrx_word' id='word_1_124' title='bbox 674 1991 998 2069; x_wconf 87' lang='lat' dir='ltr'><strong>quicunque</strong></span> <span class='ocrx_word' id='word_1_125' title='bbox 1012 2033 1030 2064; x_wconf 80' lang='grc'>,</span> <span class='ocrx_word' id='word_1_126' title='bbox 1048 2001 1249 2066; x_wconf 84' lang='lat' dir='ltr'><strong>rogant</strong></span> <span class='ocrx_word' id='word_1_127' title='bbox 1265 2032 1281 2060; x_wconf 87' lang='lat'>,</span> <span class='ocrx_word' id='word_1_128' title='bbox 1303 1989 1563 2065; x_wconf 87' lang='lat' dir='ltr'><strong>mitisque</strong></span> 
     </span>
     <span class='ocr_line' id='line_1_22' title="bbox 521 2098 772 2154; baseline -0.012 -19"><span class='ocrx_word' id='word_1_129' title='bbox 521 2098 772 2154; x_wconf 77' lang='lat' dir='ltr'><strong>supremi</strong></span> 
     </span>
     <span class='ocr_line' id='line_1_23' title="bbox 298 2156 1513 2233; baseline -0.003 -11"><span class='ocrx_word' id='word_1_130' title='bbox 298 2164 578 2222; x_wconf 79' lang='lat' dir='ltr'><strong>Admittat</strong></span> <span class='ocrx_word' id='word_1_131' title='bbox 606 2162 808 2220; x_wconf 88' lang='lat' dir='ltr'><strong>cineris</strong></span> <span class='ocrx_word' id='word_1_132' title='bbox 833 2174 1173 2233; x_wconf 88' lang='lat' dir='ltr'><strong>consortem,</strong></span> <span class='ocrx_word' id='word_1_133' title='bbox 1202 2174 1258 2220; x_wconf 87' lang='lat' dir='ltr'><strong>et</strong></span> <span class='ocrx_word' id='word_1_134' title='bbox 1281 2156 1513 2220; x_wconf 72' lang='lat' dir='ltr'><strong>misceat</strong></span> 
     </span>
     <span class='ocr_line' id='line_1_24' title="bbox 296 2248 761 2331; baseline -0.006 -25"><span class='ocrx_word' id='word_1_135' title='bbox 296 2313 308 2331; x_wconf 39' lang='grc' dir='ltr'>ι</span> <span class='ocrx_word' id='word_1_136' title='bbox 418 2269 425 2270; x_wconf 62' lang='grc'><em>’</em></span> <span class='ocrx_word' id='word_1_137' title='bbox 513 2248 761 2305; x_wconf 85' lang='lat' dir='ltr'><strong>umbras.</strong></span> 
     </span>
     <span class='ocr_line' id='line_1_25' title="bbox 371 2330 1708 2410; baseline 0 -22"><span class='ocrx_word' id='word_1_138' title='bbox 371 2335 517 2389; x_wconf 90' lang='lat' dir='ltr'><strong>Ecce</strong></span> <span class='ocrx_word' id='word_1_139' title='bbox 544 2334 750 2389; x_wconf 87' lang='lat' dir='ltr'><strong>iterum</strong></span> <span class='ocrx_word' id='word_1_140' title='bbox 778 2330 959 2389; x_wconf 87' lang='lat' dir='ltr'><strong>fratris</strong></span> <span class='ocrx_word' id='word_1_141' title='bbox 974 2333 1187 2410; x_wconf 87' lang='lat' dir='ltr'><strong>primos</strong></span> <span class='ocrx_word' id='word_1_142' title='bbox 1213 2347 1275 2390; x_wconf 92' lang='lat' dir='ltr'><strong>ut</strong></span> <span class='ocrx_word' id='word_1_143' title='bbox 1295 2332 1533 2410; x_wconf 87' lang='lat' dir='ltr'><strong>contigit</strong></span> <span class='ocrx_word' id='word_1_144' title='bbox 1552 2343 1708 2388; x_wconf 79' lang='lat' dir='ltr'><strong>artus</strong></span> 
     </span>
     <span class='ocr_line' id='line_1_26' title="bbox 296 2419 1665 2496; baseline -0.002 -21"><span class='ocrx_word' id='word_1_145' title='bbox 296 2421 452 2496; x_wconf 72' lang='lat' dir='ltr'><strong>Ignis</strong></span> <span class='ocrx_word' id='word_1_146' title='bbox 478 2420 622 2474; x_wconf 85' lang='lat' dir='ltr'><strong>edax</strong></span> <span class='ocrx_word' id='word_1_147' title='bbox 639 2459 655 2487; x_wconf 84' lang='lat'><strong>‚</strong></span> <span class='ocrx_word' id='word_1_148' title='bbox 682 2430 958 2476; x_wconf 89' lang='lat' dir='ltr'><strong>tremuere</strong></span> <span class='ocrx_word' id='word_1_149' title='bbox 985 2421 1142 2494; x_wconf 83' lang='lat' dir='ltr'><strong>rogi,</strong></span> <span class='ocrx_word' id='word_1_150' title='bbox 1164 2431 1223 2474; x_wconf 90' lang='lat' dir='ltr'><strong>et</strong></span> <span class='ocrx_word' id='word_1_151' title='bbox 1239 2439 1418 2477; x_wconf 90' lang='lat' dir='ltr'><strong>novus</strong></span> <span class='ocrx_word' id='word_1_152' title='bbox 1445 2419 1665 2476; x_wconf 81' lang='lat' dir='ltr'><strong>advena</strong></span> 
     </span>
     <span class='ocr_line' id='line_1_27' title="bbox 505 2503 681 2559; baseline 0.006 -1"><span class='ocrx_word' id='word_1_153' title='bbox 505 2503 681 2559; x_wconf 92' lang='lat' dir='ltr'><strong>bustis</strong></span> 
     </span>
     <span class='ocr_line' id='line_1_28' title="bbox 293 2587 1598 2656; baseline -0.002 -9"><span class='ocrx_word' id='word_1_154' title='bbox 293 2588 559 2647; x_wconf 83' lang='lat' dir='ltr'><strong>Pellitur:</strong></span> <span class='ocrx_word' id='word_1_155' title='bbox 586 2587 873 2647; x_wconf 85' lang='lat' dir='ltr'><strong>exundant</strong></span> <span class='ocrx_word' id='word_1_156' title='bbox 893 2590 1075 2648; x_wconf 88' lang='lat' dir='ltr'><strong>diviso</strong></span> <span class='ocrx_word' id='word_1_157' title='bbox 1101 2590 1315 2648; x_wconf 87' lang='lat' dir='ltr'><strong>vertice</strong></span> <span class='ocrx_word' id='word_1_158' title='bbox 1335 2591 1598 2656; x_wconf 79' lang='lat' dir='ltr'><strong>ssammae,</strong></span> 
     </span>
     <span class='ocr_line' id='line_1_29' title="bbox 292 2675 1722 2752; baseline -0.003 -19"><span class='ocrx_word' id='word_1_159' title='bbox 292 2675 663 2750; x_wconf 81' lang='lat' dir='ltr'><strong>Alternosque</strong></span> <span class='ocrx_word' id='word_1_160' title='bbox 686 2676 911 2750; x_wconf 80' lang='lat' dir='ltr'><strong>apiceS,</strong></span> <span class='ocrx_word' id='word_1_161' title='bbox 942 2675 1183 2752; x_wconf 84' lang='lat' dir='ltr'><strong>abrupta</strong></span> <span class='ocrx_word' id='word_1_162' title='bbox 1203 2676 1327 2731; x_wconf 90' lang='lat' dir='ltr'><strong>luce</strong></span> <span class='ocrx_word' id='word_1_163' title='bbox 1353 2716 1370 2746; x_wconf 89' lang='lat'>‚</span> <span class='ocrx_word' id='word_1_164' title='bbox 1400 2685 1722 2736; x_wconf 78' lang='lat' dir='ltr'><strong>coruscant.</strong></span> 
     </span>
     <span class='ocr_line' id='line_1_30' title="bbox 291 2760 1667 2834; baseline -0.003 -16"><span class='ocrx_word' id='word_1_165' title='bbox 291 2761 535 2824; x_wconf 84' lang='lat' dir='ltr'><strong>Pallidus</strong></span> <span class='ocrx_word' id='word_1_166' title='bbox 549 2761 923 2818; x_wconf 90' lang='lat' dir='ltr'><strong>Eumenidum</strong></span> <span class='ocrx_word' id='word_1_167' title='bbox 948 2763 1124 2820; x_wconf 89' lang='lat' dir='ltr'><strong>veluti</strong></span> <span class='ocrx_word' id='word_1_168' title='bbox 1148 2761 1489 2819; x_wconf 86' lang='lat' dir='ltr'><strong>commiserit</strong></span> <span class='ocrx_word' id='word_1_169' title='bbox 1510 2760 1667 2834; x_wconf 84' lang='lat' dir='ltr'><strong>ignes</strong></span> 
     </span>
     <span class='ocr_line' id='line_1_31' title="bbox 291 2846 1575 2925; baseline -0.005 -20"><span class='ocrx_word' id='word_1_170' title='bbox 291 2847 477 2906; x_wconf 78' lang='lat' dir='ltr'><strong>Orcus</strong></span> <span class='ocrx_word' id='word_1_171' title='bbox 493 2889 509 2917; x_wconf 84' lang='lat'><strong>‚</strong></span> <span class='ocrx_word' id='word_1_172' title='bbox 539 2859 776 2924; x_wconf 87' lang='lat' dir='ltr'><strong>uterque</strong></span> <span class='ocrx_word' id='word_1_173' title='bbox 801 2849 993 2905; x_wconf 86' lang='lat' dir='ltr'><strong>minax</strong></span> <span class='ocrx_word' id='word_1_174' title='bbox 1010 2846 1247 2925; x_wconf 83' lang='lat' dir='ltr'><strong>globus,</strong></span> <span class='ocrx_word' id='word_1_175' title='bbox 1265 2859 1322 2903; x_wconf 88' lang='lat' dir='ltr'><strong>et</strong></span> <span class='ocrx_word' id='word_1_176' title='bbox 1342 2858 1575 2903; x_wconf 86' lang='lat' dir='ltr'><strong>conatur</strong></span> 
     </span>
     <span class='ocr_line' id='line_1_32' title="bbox 475 2943 755 3008; baseline 0 -20"><span class='ocrx_word' id='word_1_177' title='bbox 475 2943 714 3008; x_wconf 89' lang='lat' dir='ltr'><strong>uterque</strong></span> <span class='ocrx_word' id='word_1_178' title='bbox 749 2965 755 2979; x_wconf 85' lang='lat'>=</span> 
     </span>
    </p>
   </div>
   <div class='ocr_carea' id='block_1_5' title="bbox 289 3013 1757 3166">
    <p class='ocr_par' dir='ltr' id='par_1_8' title="bbox 289 3013 1757 3166">
     <span class='ocr_line' id='line_1_33' title="bbox 289 3013 1757 3163; baseline 0.001 -89"><span class='ocrx_word' id='word_1_179' title='bbox 289 3013 555 3093; x_wconf 80' lang='lat' dir='ltr'><strong>Longius.</strong></span> <span class='ocrx_word' id='word_1_180' title='bbox 587 3020 736 3096; x_wconf 82' lang='lat' dir='ltr'><strong>Ipsae</strong></span> <span class='ocrx_word' id='word_1_181' title='bbox 764 3020 933 3078; x_wconf 85' lang='lat' dir='ltr'><strong>etiam</strong></span> <span class='ocrx_word' id='word_1_182' title='bbox 948 3032 1230 3079; x_wconf 88' lang='lat' dir='ltr'><strong>commoto</strong></span> <span class='ocrx_word' id='word_1_183' title='bbox 1254 3017 1509 3163; x_wconf 55' lang='grc' dir='ltr'>Ροὲᾱεέε</span> <span class='ocrx_word' id='word_1_184' title='bbox 1523 3016 1757 3096; x_wconf 86' lang='lat' dir='ltr'><strong>paulum</strong></span> 
     </span>
     <span class='ocr_line' id='line_1_34' title="bbox 1413 3127 1436 3166; baseline 0 0"><span class='ocrx_word' id='word_1_185' title='bbox 1413 3127 1436 3166; x_wconf 88' lang='lat'>1</span> 
     </span>
    </p>
   </div>
  </div>
 </body>
</html>
