2079 3613
347 250 425 329 78
656 254 1095 315 ΤΗΕΒΑῙΒΟΞ,
1148 256 1288 303 Lm.
1339 256 1457 304 111.
1553 254 1662 324 604

337 354 497 408 'Unus
519 364 578 409 ut
605 374 635 409 e
661 351 810 408 silvis
835 349 1078 406 Pholoes
1104 348 1385 407 habitator
1411 371 1605 426 opacae

338 437 500 491 Inter
518 450 570 491 et
594 438 844 491 AEtnaeos
870 455 1058 509 aequus
1085 454 1420 510 consurgere
1449 438 1646 491 fratres
1662 455 1680 490 e

336 523 487 576 Ante
501 524 671 590 soreS‚
694 520 796 576 ubi
814 521 982 576 turba
997 520 1219 589 ducum,
1241 522 1504 597 vulgique
1525 521 1843 590 frementis,

331 606 678 680 Amphiarae
700 646 716 674 ,
743 617 900 659 tuas:
933 630 961 658 α
983 611 1119 679 Quae
1144 618 1300 661 tanta
1326 604 1575 683 ignavia,
1605 607 1805 662 clamat
1823 648 1839 675 ‚

246 749 247 752 Ἴ
332 716 364 744 ι
382 690 713 749 Inachidae?
738 711 951 766 vosque
968 734 983 760 ‚
1003 712 1037 746 o
1057 693 1211 747 socio
1237 694 1307 748 de
1332 693 1598 767 sanguine
1623 692 1849 762 Achivi,

332 799 362 829 κ
383 775 563 830 Unius
591 774 732 851 (heu
753 776 1002 850 pudeat)
1030 774 1245 849 plebeia
1273 777 1343 829 ad
1365 775 1556 833 limina
1582 778 1748 847 civiS‚

332 885 363 913 κ
384 862 498 915 Tot
521 861 673 916 ferro
699 861 959 916 accinctae
983 872 1201 934 gente5‚
1226 862 1531 936 animisque
1560 875 1770 937 paratae

333 970 363 998 α
382 945 692 1003 Pendemus
707 946 861 1002 ‘¹³non
876 947 920 1001 si
935 948 1057 1021 ipse
1075 966 1210 1000 cavo
1226 947 1329 1001 sub
1349 949 1551 1004 vertice
1573 949 1808 1024 Cyrrhae
1821 991 1838 1016 ‚

334 1053 364 1082 κ
386 1031 643 1106 Quisquis
663 1032 708 1087 is
723 1044 803 1087 est
818 1031 1047 1100 timidis,
1068 1030 1340 1106 famaeque
1361 1031 1435 1086 ita
1455 1033 1623 1101 visus,
1642 1030 1839 1109 Apollo

335 1141 365 1170 α
384 1105 623 1194 Mugiat‚
650 1119 844 1174 insano
872 1119 1105 1193 penitus
1133 1118 1378 1173 seclusus
1409 1119 1465 1173 in
1491 1130 1681 1184 autre,

332 1228 360 1257 α
379 1205 720 1277 Exspectare
735 1223 954 1276 queam,
970 1202 1103 1256 dum
1122 1201 1331 1277 pallida
1343 1203 1501 1278 virgo
1517 1203 1837 1261 tremendas

330 1312 360 1342 α
382 1289 617 1345 Nuntiet
638 1290 917 1362 ambages.
942 1288 1135 1344 Virtus
1154 1288 1289 1343 mihi
1312 1309 1515 1345 numen
1534 1331 1550 1358 ‚
1581 1303 1632 1345 et
1654 1291 1797 1347 ensis
1814 1331 1830 1360 ‚

336 1398 364 1427 κ
384 1381 567 1447 Quem
597 1386 784 1430 teneo.
824 1375 1064 1446 Jamque
1099 1372 1208 1428 huc
1239 1373 1435 1429 timida
1468 1394 1595 1430 cum
1631 1375 1836 1432 fraude

478 1457 735 1515 sacerdos

333 1568 363 1598 ιι
382 1545 553 1599 Exeat
570 1584 586 1614 ‚
609 1557 703 1598 aut
724 1541 892 1598 hodie
920 1542 1211 1599 volucrum
1244 1563 1368 1618 quae
1399 1555 1553 1600 tanta
1577 1558 1830 1620 potestas

330 1646 360 1679 α
380 1626 672 1702 Experiar.
685 1629 948 1681 »Laetum
964 1625 1168 1694 fremit,
1189 1646 1531 1702 assensuque
1546 1629 1832 1686 furentem

329 1710 537 1787 Implet
574 1711 770 1768 Achaea
806 1731 1022 1768 manus·
1044 1704 1318 1767 'Tandem
1354 1733 1720 1790 prorumpere

466 1799 718 1855 adactus
808 1848 811 1851 ,

326 1885 619 1953 OEclides,
652 1885 761 1941 alio
787 1904 1050 1942 curarum
1077 1887 1320 1961 agitante
1347 1887 1622 1944 tumultu:

399 1997 434 2023 «ι
451 1976 577 2026 Non
592 1972 850 2046 equidem
866 1970 1083 2026 effreno
1103 1971 1326 2045 juvenis
1335 1973 1574 2029 clamore
1585 1971 1827 2048 profani,

329 2081 357 2109 κ
377 2057 784 2131 Dictorumque
806 2068 990 2125 metu,
1020 2056 1155 2109 licet
1176 2053 1265 2108 hic
1286 2054 1479 2108 insana
1501 2055 1768 2126 minetur,

327 2166 355 2193 α
380 2139 591 2195 Elicior
617 2140 881 2197 tenebris,
904 2141 1030 2196 Alio
1059 2139 1196 2194 mihi
1224 2137 1416 2191 debita
1443 2140 1561 2195 sato

328 2250 356 2278 ι(
380 2228 603 2280 Summa
623 2226 761 2297 dies,
787 2228 1139 2305 vetitumque
1157 2222 1280 2276 dari
1295 2223 1618 2281 mortalibus
1635 2228 1822 2285 armis·

325 2334 356 2366 α
376 2309 485 2364 Sed
510 2329 600 2365 me
622 2323 808 2367 vester
828 2330 1015 2378 amor,
1037 2306 1356 2380 nimiusque
1386 2326 1594 2362 arcana
1616 2311 1823 2383 profari

321 2420 348 2449 α
372 2392 613 2452 Phoebus
632 2395 763 2472 agit.
788 2395 967 2453 Vobis
988 2404 1248 2460 ventura,
1270 2403 1440 2464 atque
1468 2412 1650 2462 omne,
1673 2397 1844 2469 quod·

456 2481 599 2537 ultra
626 2492 709 2537 est
729 2520 746 2549 ‚

320 2591 349 2619 «
372 2567 623 2623 Pandere
651 2574 879 2620 moestus
901 2583 987 2618 eo.
1016 2565 1162 2619 Nam
1186 2572 1242 2615 te
1257 2602 1272 2630 ‚
1303 2579 1503 2619 vesane
1519 2606 1542 2630 ,
1564 2568 1783 2623 moneri

324 2676 353 2703 α
372 2654 529 2707 Ante
553 2651 710 2705 nefas
727 2691 743 2716 ‚
770 2647 981 2722 unique
1008 2645 1132 2701 silet
1154 2645 1254 2700 tibi
1274 2659 1466 2702 noster
1481 2650 1705 2723 Apono,

322 2759 352 2789 α
375 2742 499 2807 Quo
537 2733 754 2805 miseri,
789 2732 945 2789 Fatis
988 2732 1330 2808 Superisque
1367 2732 1713 2793 obstantibus
1733 2777 1750 2807 ‚

466 2840 617 2875 arma
637 2863 654 2891 ‚
975 2876 981 2880 .

324 2928 352 2956 α
374 2907 503 2975 Quo
527 2905 759 2980 rapitis?
779 2924 906 2980 quae
924 2924 1026 2961 vos
1044 2905 1330 2961 Furiarum
1347 2903 1585 2963 verbera
1609 2923 1786 2961 caecos

324 3013 351 3042 ι(
378 2988 717 3067 Exagitant‘?
734 2988 942 3048 adeone
968 2990 1272 3051 animarum
1299 2984 1505 3052 taedet?
1526 3002 1582 3047 et
1601 2993 1782 3067 Argos
