2079 3613
502 208 609 268 885
730 204 1178 271 rnEnAmos,
1229 208 1368 264 Lm.
1418 209 1527 262 1x.
1670 216 1798 279 279

379 306 691 365 «Labimur
714 324 728 363 z
757 306 808 373 i,
833 303 1116 371 miseram,
1142 304 1367 374 Dorceu
1383 346 1400 374 ,
1427 305 1603 361 solare

521 407 836 472 parentem.
1338 459 1341 460 ⁷
1584 467 1587 470 Ι

299 498 330 529 κ
349 474 452 534 Illa
479 480 704 557 quidem
722 520 740 550 ,
764 479 810 535 si
833 497 960 535 vera
984 476 1174 532 serunt
1199 476 1465 554 praesagia
1487 495 1632 533 curae
1647 518 1663 546 ,

299 583 329 613 α
350 564 469 620 Aut
492 583 689 626 somno
712 566 827 641 jam
855 563 1013 620 triste
1036 561 1199 619 nefas
1217 605 1235 634 ,
1264 575 1360 619 aut
1384 560 1568 620 omine
1596 561 1748 620 vidit.

293 670 329 698 «ι
348 648 438 703 Tu
463 662 648 707 tamen
674 663 791 707 arte
816 649 912 725 pia
930 646 1213 723 trepidam
1235 646 1515 725 suspende
1533 687 1549 716 ,

506 733 717 812 diuque

295 835 325 866 ι(
344 816 607 893 1)θοὶρίῑο
626 838 779 888 ,neu
806 831 867 873 tu
892 818 1139 887 subitus,
1165 835 1309 871 neve
1337 836 1487 871 arma
1514 815 1736 873 tenenti

255 959 258 960 γ
285 920 324 955 α
344 902 577 959 Veneris
593 944 610 974 ,
640 916 695 957 et
720 902 949 959 tandem
977 921 1106 958 cum
1124 902 1238 975 jam
1259 918 1456 975 cogere
1479 902 1643 959 fateri
1663 941 1680 972 ,

290 1009 321 1041 α
340 988 447 1045 Dic
471 1008 486 1044 z
515 986 731 1057 merui,
762 988 1033 1061 genitrix,
1063 990 1290 1064 poenas!
1320 985 1496 1042 invita

517 1090 828 1149 capescens

289 1178 320 1207 «
342 1157 505 1212 Arma
531 1175 675 1232 puer
697 1155 894 1233 rapui,
921 1175 1026 1214 nec
1050 1194 1071 1227 ‚
1097 1168 1153 1212 te
1181 1154 1497 1226 retinente,
1525 1156 1750 1233 quievi,

286 1263 319 1294 «
338 1242 461 1299 Nec
489 1242 588 1300 tibi
613 1241 857 1300 sollicitae
882 1242 1080 1298 saltem
1106 1241 1252 1299 inter
1276 1239 1425 1298 bella
1443 1282 1460 1310 ,
1489 1242 1739 1318 peperci.

285 1348 316 1379 α
334 1326 483 1385 Vive
508 1324 708 1403 igitur,
736 1326 1038 1406 potiusque
1068 1326 1266 1384 animis
1290 1326 1529 1383 irascere
1556 1329 1784 1400 nostris;

279 1431 310 1463 α
334 1410 404 1464 Et
420 1409 532 1483 jam
560 1431 709 1487 pone
737 1425 918 1472 metus
945 1430 959 1467 :
989 1414 1195 1470 frustra
1225 1412 1296 1468 de
1321 1410 1461 1468 colle
1488 1410 1676 1487 Lycaei

279 1515 310 1547 α
332 1494 504 1550 Anxia
532 1510 900 1571 prospectans
921 1538 937 1566 ,
967 1496 1012 1551 si
1044 1498 1173 1573 quis
1199 1516 1305 1572 per
1328 1494 1520 1551 nubila
1547 1496 1710 1571 longe

272 1600 305 1631 ³
328 1580 444 1640 Aut
469 1599 637 1638 sonus
654 1624 671 1649 ,
698 1594 797 1657 aut
818 1592 1011 1638 nostro
1038 1581 1291 1638 sublatus
1317 1580 1388 1634 ab
1418 1578 1637 1655 agmine

495 1663 702 1739 pulvis?

274 1771 303 1801 α
320 1745 575 1822 Frigidus
599 1748 657 1804 in
675 1748 826 1803 nuda
851 1751 1010 1824 jaceo
1031 1750 1232 1806 tellure
1251 1773 1266 1818 3
1289 1767 1396 1805 nec
1425 1769 1660 1825 usquam

272 1858 303 1889 α
322 1837 413 1890 Tu
432 1853 639 1910 prope,
662 1854 786 1910 quae
805 1834 1019 1904 vultuS,
1050 1837 1400 1910 efflantiaque
1417 1855 1514 1891 ora
1537 1848 1776 1893 teneres.
1840 1838 1843 1843 ”

268 1943 300 1974 κ
319 1921 490 1981 Hunc
517 1933 704 1977 tamen
731 1918 867 1975 orba
891 1938 1099 1997 parens
1125 1919 1340 1977 crinem
1367 1917 1716 1996 (dextraque

487 2004 798 2065 secandum

265 2116 296 2148 α
317 2091 601 2172 Praebuit)
629 2091 779 2148 hunc
802 2104 921 2149 toto
949 2091 1142 2167 capies
1161 2113 1266 2170 pro
1293 2112 1536 2170 corpure

489 2180 709 2236 crinem
724 2222 741 2250 ,

262 2289 292 2320 κ
313 2266 554 2324 Comere
574 2285 745 2341 quem
766 2263 997 2336 frustra,
1018 2284 1105 2321 me
1133 2263 1474 2343 dedignante
1490 2306 1506 2334 ,
1536 2263 1768 2322 solebas.

336 2376 366 2404 α
387 2352 537 2408 Huic
559 2350 717 2405 dabis
739 2352 1036 2426 exsequias
1056 2390 1074 2420 ,
1102 2363 1273 2426 atque
1301 2351 1445 2407 inter
1470 2354 1618 2426 justa

483 2447 770 2490 memento

257 2544 288 2575 α
305 2523 391 2575 Ne
420 2517 543 2592 quis
571 2517 874 2590 inexpertis
897 2511 1127 2575 hehefet
1152 2538 1277 2575 mea
1304 2519 1413 2577 tela
1439 2519 1703 2591 lacertis,

255 2629 285 2659 κ
304 2600 664 2676 Dilectosque
689 2619 855 2657 canes
878 2599 1002 2655 ullis
1027 2613 1157 2676 agat
1176 2603 1412 2675 amplius
1443 2604 1635 2659 antris.

254 2714 284 2744 κ
305 2692 441 2746 Haec
467 2699 657 2744 autem
677 2683 876 2762 primis
901 2698 1054 2741 arma
1077 2684 1324 2741 infelicia
1351 2685 1544 2745 castris

217 2784 226 2805 ‘
257 2797 287 2829 κ
305 2776 417 2831 Ure
435 2815 451 2843 ,
477 2773 569 2828 vel
594 2771 820 2847 ingratae
846 2788 1045 2826 mimus
1069 2769 1348 2847 suspende
1374 2771 1588 2830 Dianae.
1616 2793 1646 2825 n

435 2963 706 3004 lxrmcrr
741 2965 1076 3006 THEBAIDos
1120 2962 1296 3002 LIBER
1331 2961 1542 3003 NONUS·
