2079 3613
201 342 224 367 ἱ.

285 249 413 310 238
554 253 985 318 ΤΗΕΒΑιοοε,
1035 255 1178 304 Lm.
1231 256 1397 306 vm.
1502 251 1615 312 665

284 352 633 411 Clamantem
651 371 672 423 :⁴
695 376 724 405 «
744 356 868 424 Quo
897 348 1266 440 terga„datis?
1291 350 1425 408 licet
1444 370 1579 408 ecce

484 449 810 527 peremptos

283 558 314 589 er
331 533 539 591 Ulcisci
562 533 774 601 socios,
795 545 1158 608 moestamque
1185 530 1502 606 rependere
1521 543 1772 588 noctem.

280 644 312 673 ιι
331 618 431 675 Ille
456 638 558 694 ego
582 616 878 693 inexpletis
897 617 1061 674 solus
1072 617 1167 692 qui
1192 615 1433 672 caedibus
1448 613 1610 672 hausi

278 726 308 757 α
327 701 743 779 Quinquaginta
770 702 1016 772 animaS,
1055 700 1322 772 totidem,
1352 700 1703 776 totidemque

494 786 758 861 gregatim

278 905 308 935 κ
325 883 497 937 Ferte
515 900 728 938 manuS.
751 881 978 939 Nulline
997 882 1182 956 patres
1196 881 1224 938 ’.Ρ
1248 879 1461 937 nulline
1493 884 1776 956 jacentum

279 991 309 1021 α
327 964 588 1022 Unanimi
613 969 815 1023 fratres
831 965 859 1022 ’.Ρ
879 986 1000 1041 quae
1029 978 1184 1022 tanta
1211 965 1417 1022 oblivia
1442 964 1624 1022 luctus
1640 963 1669 1022 ἐ’

227 1074 232 1078 ·
276 1073 305 1104 α
329 1055 505 1126 Quam
532 1051 707 1126 pudet
730 1050 989 1108 Inachias
1015 1062 1401 1128 contemptum
1423 1048 1620 1107 abiisse

487 1141 792 1213 Mycenas!

195 1219 206 1227 i
276 1257 306 1288 «
324 1233 467 1289 Hine
491 1252 662 1308 super
685 1233 928 1290 Thebis.
911 1231 937 1271 ‘¹'
952 1232 1074 1290 haec
1099 1233 1305 1290 robora
1328 1232 1508 1310 regis,
1491 1229 1519 1270 '¹'
1541 1226 1672 1288 ubi

497 1329 685 1373 autem

276 1412 592 1490 «Egregius
617 1410 730 1469 dux
755 1410 847 1468 ille
874 1412 1097 1471 mihi?»
1125 1412 1334 1484 Simul,
1355 1412 1549 1470 ordine
1575 1412 1706 1471 laevo
1729 1450 1749 1484 ‚

274 1495 478 1575 Ipsum'
493 1495 876 1553 exhortantem
902 1517 1110 1555 cuneos
1126 1542 1145 1567 ,
1170 1497 1481 1574 capitisque
1540 1543 1545 1549 .

494 1581 719 1657 superbi

272 1679 551 1752 Insignem
576 1680 790 1755 fulgore
809 1679 983 1737 videt.
1020 1682 1144 1737 Nec
1170 1679 1391 1755 segnius
1418 1680 1616 1737 ardens

268 1765 556 1834 Accurrit,
588 1765 754 1822 niveo
782 1785 947 1842 quam
971 1763 1275 1841 flammiger
1305 1761 1420 1821 ales
1442 1764 1583 1822 olori

272 1851 559 1919 Imminet,
584 1863 642 1906 et
659 1871 860 1926 magna
881 1850 1165 1927 trepidum
1185 1849 1530 1928 circumligat
1549 1849 1763 1908 umbra.

274 1937 437 1993 Tunc
461 1935 620 2011 prior
636 1958 662 1996 ε,
685 1960 714 1989 ιι
731 1937 924 1992 Aoniae'
938 1956 1042 1992 rex
1068 1955 1101 1991 o
1124 1935 1422 2010 justissime
1450 1935 1656 2011 gentiS,

278 2042 307 2073 α
328 2022 479 2074 Imus
503 2018 561 2073 in
582 2039 733 2075 arma
759 2017 962 2096 palam,
990 2020 1332 2094 tandemque
1358 2017 1697 2076 ostendimus

482 2124 657 2159 enses,
1657 2144 1689 2156 -

281 2222 309 2253 «
330 2201 411 2254 An
430 2192 650 2255 noctem
670 2212 724 2255 et
748 2199 937 2257 solitas
960 2200 1149 2278 placet
1175 2214 1501 2277 exspectare

500 2285 760 2340 tenebras
776 2282 801 2341 ’.Ρ
816 2308 844 2336 »

348 2379 451 2436 Ille
473 2380 612 2435 nihil
630 2395 822 2438 contra
842 2400 855 2436 τ
879 2382 977 2438 sed
994 2381 1227 2439 stridula
1249 2401 1450 2438 cornus
1473 2380 1533 2436 in
1549 2380 1770 2438 hostem

272 2468 328 2523 It
351 2465 598 2520 referens
622 2467 882 2523 mandata
907 2466 1066 2524 ducis
1081 2509 1097 2537 .,
1120 2486 1291 2542 quam
1314 2466 1586 2542 providus
1604 2464 1775 2523 heros

248 2552 306 2606 ,J
312 2569 400 2604 am
420 2551 531 2624 jam
561 2550 614 2607 in
639 2550 748 2607 fine
775 2553 876 2608 viae
899 2571 1222 2626 percussam
1247 2551 1536 2628 obliquat,
1565 2563 1623 2608 et
1646 2549 1768 2626 ipse

271 2635 509 2693 Telum
494 2657 688 2712 ingens
712 2637 903 2704 avide,
944 2650 1000 2693 et
1026 2648 1234 2710 quanto
1260 2655 1373 2690 non
1399 2647 1529 2689 ante
1553 2623 1769 2689 lacerto

271 2721 540 2797 Impulit:
564 2721 682 2777 ibat
716 2734 873 2777 atrox
902 2721 1075 2777 finem
1095 2718 1423 2810 impositura
1446 2715 1633 2771 duello

268 2799 513 2859 Lancea.
544 2806 884 2859 Convertere
911 2802 1106 2855 oculos
1132 2799 1394 2875 utrinque
1421 2802 1676 2857 faventes
1722 2797 1725 2802 ’

270 2888 507 2955 Sidonii,
531 2887 797 2960 Graiique
819 2884 911 2939 Dii
940 2902 953 2937 :
980 2881 1218 2939 crudelis
1243 2884 1488 2960 Erynnis

271 2971 503 3043 Obstat,
527 2967 831 3040 etdinfando
852 2966 1045 3024 differt
1070 2967 1336 3027 Eteoclea
1360 2968 1540 3027 fratri.
