2079 3613
531 342 602 416 89
692 319 1127 415 εΥινᾹΒΠΜ,
1181 356 1322 404 Lm.
1374 355 1490 405 111.
1551 406 1552 409 ,
1632 322 1757 429 525·

260 425 412 495 Quid
431 451 584 492 nunc
604 443 924 517 magnificas
949 449 1168 521 species
1182 491 1197 518 ,
1223 449 1524 534 cultusque*

483 517 735 582 locorum
752 568 767 597 ‚

261 594 632 680 Templaque‚
661 624 714 665 et
739 612 1043 673 innumeris
1063 619 1240 694 spatia
1264 619 1618 677 interstincta

400 724 401 730 =
480 688 786 770 columnis3
1195 698 1200 702 ⁴

257 760 327 817 Et
347 773 623 842 geminam
650 783 853 839 molem
877 787 1042 858 nudi,
1069 788 1318 864 tectique
1343 787 1577 862 theatri,

258 852 330 908 Et
357 859 691 935 Capitolinis
715 871 1102 946 quinquennia
1123 877 1378 951 proxima
1398 875 1589 933 lustris
1608 896 1625 947 ;

261 941 413 1011 Quid
436 944 661 1004 laudem
689 953 856 1025 risuS‚
885 955 1311 1034 libertatemque
1341 961 1669 1031 Menandri,

262 1024 447 1092 Quam
468 1030 754 1093 Romanus
774 1039 958 1095 honos
979 1053 1032 1096 et
1059 1042 1228 1098 Graia
1243 1043 1467 1100 licentia
1482 1043 1767 1106 miscent?

263 1105 316 1160 N
321 1108 384 1163 ec
411 1111 610 1179 desunt
636 1122 803 1179 variae
829 1125 1037 1180 circum
1059 1127 1424 1184 oblectamina
1442 1129 1570 1186 vitae
1592 1150 1605 1188 ε

260 1191 388 1249 Sive
415 1203 794 1274 vaporiferas,
822 1208 1181 1269 blandissima
1207 1213 1394 1269 littora
1417 1255 1432 1282 ‚
1462 1215 1657 1288 Baias,

260 1277 477 1337 Enthea
507 1285 750 1348 fatidicae
780 1312 880 1350 seu
907 1296 1089 1353 visere
1117 1310 1267 1354 tecta
1290 1296 1509 1375 Sibyllae

259 1362 439 1423 Dulce
470 1371 574 1442 sit,
605 1375 896 1456 Iliacoque
928 1384 1121 1458 jugum
1147 1382 1505 1440 memorabile
1528 1403 1711 1444 remo:

257 1448 365 1504 Seu
390 1451 492 1508 tibi
518 1457 755 1533 Bacchei
788 1466 976 1522 vineta
1002 1467 1281 1525 madentia
1305 1468 1512 1538 Gauri,

261 1531 682 1619 Teleboumque
708 1546 934 1620 domos,
974 1552 1211 1626 trepidis
1238 1552 1334 1607 ubi
1374 1552 1554 1608 dulcia
1580 1553 1766 1614 nautis

255 1616 491 1677 Lumina
529 1628 838 1706 noctieagae
866 1632 1015 1688 tollit
1041 1634 1251 1691 Pharus
1284 1635 1479 1691 aemula
1505 1637 1649 1694 lunae
1669 1657 1687 1694 z
1758 1696 1767 1704 ,

257 1701 515 1780 Caraque
544 1732 661 1767 non
687 1716 787 1770 soli
808 1718 935 1792 juga
963 1719 1288 1775 Surrentina
1314 1723 1506 1796 Lyaeo,

256 1787 392 1857 Quae
418 1812 571 1850 meus
590 1811 719 1854 ante
752 1800 886 1857 alios
913 1801 1197 1860 habitator
1219 1800 1428 1861 Pollius
1455 1820 1658 1883 auget:

255 1872 609 1956 AEnariaeque
634 1884 791 1941 lacus
818 1888 1099 1959 medicos,
1134 1891 1490 1969 Statinasque
1520 1906 1772 1977 renatas-l

329 1963 482 2020 Mille
502 1966 605 2021 tibi
627 1983 830 2027 nostrae
859 1975 1100 2030 referam
1126 1975 1338 2035 telluris
1364 1997 1609 2053 amores:

255 2047 520 2105 Sed'satis
547 2051 682 2124 hoc,
721 2060 931 2134 conjux
951 2100 966 2128 ‚
993 2059 1126 2115 satis
1152 2061 1262 2117 hoc
1287 2061 1519 2120 dixisse:
1546 2064 1761 2125 creavit

255 2132 356 2186 Me
381 2133 482 2189 tibi
504 2178 520 2206 ,
549 2158 637 2193 me
664 2143 875 2199 socium
900 2144 1092 2219 longos
1118 2145 1368 2202 astrinxit
1396 2148 1452 2203 in
1477 2169 1670 2206 annos,

257 2215 459 2274 Nonne
487 2221 603 2279 haec
637 2227 927 2285 amborum
955 2229 1229 2302 genitrix,
1273 2229 1549 2308 altrixque
1579 2231 1763 2295 videri

251 2304 476 2379 Digna?
500 2311 598 2365 sed
626 2311 871 2387 ingratus
895 2315 992 2389 qui
1025 2314 1189 2389 plura
1218 2316 1460 2374 adnecto
1482 2360 1499 2390 ,
1534 2320 1758 2407 tuisque
1851 2371 1854 2372 γ

254 2388 508 2446 Moribus
530 2392 830 2451 indubito:
859 2398 1083 2467 venies.,
1117 2400 1393 2455 carissima
1420 2406 1644 2476 conjux,

254 2473 673 2552 praeveniesque
699 2479 866 2535 etiam
893 2501 904 2534 ι
930 2479 1049 2535 sine
1075 2500 1160 2537 me
1177 2522 1193 2552 ‚
1223 2481 1327 2538 tibi
1352 2482 1557 2542 ductor

480 2580 751 2636 aquarum

255 2643 460 2728 Tybris
476 2687 495 2716 ,
522 2658 575 2703 et
599 2647 848 2704 armiferi
872 2651 1181 2746 sordebunt
1207 2665 1355 2710 tecta
1378 2655 1622 2728 Quirini.

428 2902 702 2945 EXPLICIT
738 2905 1059 2949 sYLvARtm
1089 2905 1265 2950 mn
1296 2908 1567 2951 ruamus.

1549 3090 1600 3141 l

1801 689 1816 733 X
