2079 3613
519 210 626 273 608
765 209 1198 273 ΤΗΕΒΑῙῡοε,
1252 211 1394 261 Lm.
1444 214 1554 262 xl.
1699 203 1824 275 345

333 323 363 355 ι
389 306 473 360 En
496 302 679 360 habeo
712 304 944 379 gemitus
960 345 977 376 ,
1005 304 1376 381 lacrymaeque
1403 325 1508 383 per
1531 305 1687 364 arida

549 401 779 461 serpunt
795 397 808 402 ‘
1538 447 1570 462 ⁴

332 493 361 523 α
381 471 619 529 Vulnera
639 517 654 544 ,
688 487 746 530 et
769 474 828 530 in
852 473 1050 532 molles
1085 475 1339 553 sequitur
1363 495 1564 534 manus
1586 476 1757 557 impia

530 562 811 636 planctus·

330 642 633 721 «Accipite
663 647 905 704 infandae
928 650 1074 722 justa
1094 647 1430 723 exsequialia
1457 650 1679 722 mortiS‚

265 782 267 784 ,
324 751 355 780 «
377 729 665 800 Crudeles,
694 731 1041 807 nimiumque
1071 731 1213 791 mei!
1244 738 1361 788 Nec
1381 753 1614 792 noscere
1634 745 1827 803 natm,

328 836 357 865 α
379 813 806 891 Alloquiumque
831 830 1028 892 aptare
1054 816 1212 879 licet.
1241 817 1375 889 Dic,
1398 817 1558 896 virgo
1574 861 1592 891 ‚

543 902 836 975 precanti,
1155 964 1160 969 .
1581 952 1606 958 -

327 1004 356 1033 ε(
377 986 560 1058 Quem
590 981 798 1040 teneo?
822 1005 935 1061 quo
965 1005 1117 1042 nunc
1142 999 1356 1045 vestras
1376 1008 1482 1064 ego
1511 1009 1686 1049 saevus

548 1067 763 1125 honore
1315 1128 1320 1129 a

241 1213 244 1215 Α
325 1177 355 1205 ι(
376 1153 685 1228 Prosequar
709 1152 981 1212 inferias?
1006 1156 1058 1214 O
1084 1157 1129 1212 si
1156 1156 1424 1214 fodienda
1445 1157 1701 1221 redirent

227 1235 237 1245 ⁸
324 1261 352 1289 «
376 1237 641 1293 Lumina!
670 1253 726 1295 et
753 1240 811 1295 in
832 1243 1016 1297 vultus
1035 1242 1252 1299 saevisse
1275 1262 1342 1299 ex
1364 1262 1519 1298 more
1538 1248 1822 1318 potestas!

325 1348 353 1375 «
376 1324 503 1378 Heu
529 1325 718 1381 dolor!
748 1325 860 1382 heu
883 1328 1032 1398 justo
1058 1325 1228 1402 magis
1249 1328 1510 1385 exaudita
1534 1329 1789 1406 parentis

328 1431 356 1459 <t
377 1409 523 1468 Vota
544 1452 563 1478 ,
591 1409 854 1486 malaeque
883 1417 1120 1489 preces!
1152 1410 1414 1484 Quisnam
1441 1414 1550 1471 fuit
1583 1415 1675 1472 ille

544 1501 793 1553 Deorum
1301 1551 1308 1557 ,

325 1603 353 1631 α
373 1581 481 1650 Qui
508 1583 658 1638 stetit
684 1596 935 1640 orantem
964 1585 1116 1680 jueta
1140 1624 1156 1653 ,
1190 1596 1581 1660 praereptaque
1601 1587 1772 1643 verba

324 1689 352 1717 α
374 1665 628 1723 Dictavit
656 1667 823 1725 fatis?
858 1670 1018 1725 furor
1045 1670 1140 1724 111a
1158 1711 1174 1738 ‚
1208 1682 1266 1725 et
1291 1669 1469 1727 movit
1491 1670 1737 1746 Erinnys
1755 1714 1772 1740 ,

323 1774 350 1802 α
374 1753 444 1806 Et
470 1764 660 1825 pater,
692 1765 748 1809 et
773 1753 1008 1827 genitrix
1025 1792 1042 1822 ,
1077 1765 1132 1808 et
1153 1772 1324 1830 regna
1345 1794 1362 1824 ‚
1393 1751 1653 1831 oculique

543 1835 832 1892 cadentes·

316 1946 347 1975 «
374 1922 467 1978 Nil
492 1943 617 1998 ego.
641 1924 748 1979 Per
772 1920 959 1978 Ditem
984 1922 1112 1995 juro
1135 1964 1150 1990 ,
1183 1920 1482 1998 dulcesque
1516 1922 1787 1981 tenebras
1803 1964 1819 1991 ‚

318 2033 351 2061 «
369 2009 821 2085 Immeritamque
849 2010 1083 2077 ducem,
1109 2007 1340 2063 subeam
1363 2008 1441 2064 sic
1471 2011 1708 2064 Tartara

524 2095 690 2170 digna

318 2204 351 2232 «
372 2183 552 2237 Morte
576 2224 592 2252 ‚
622 2199 731 2236 nec
765 2179 904 2235 irata
928 2179 1105 2255 fugiat
1129 2199 1219 2235 me
1246 2185 1410 2237 Laius
1436 2179 1651 2235 umbra.

321 2291 358 2316 «
382 2266 483 2321 Hei
509 2267 669 2322 mihi!
701 2285 842 2341 quos
867 2286 1042 2322 nexus
1069 2266 1306 2322 fratrum
1323 2310 1342 2335 ,
1368 2286 1489 2342 quae
1515 2264 1750 2322 vulnera

498 2383 503 2390 -
542 2363 718 2406 tracto
734 2350 761 2405 ἐ’
849 2389 853 2393 -

314 2421 345 2489 '«
370 2436 607 2499 Solvite,
637 2453 822 2507 quaeso
839 2474 856 2504 ‚
886 2455 1086 2490 manus
1102 2479 1122 2505 ‚
1151 2438 1465 2511 infestaque
1486 2434 1708 2493 vincula

514 2519 766 2592 ‘tandem
1133 2510 1139 2516 ⁴
1773 2517 1776 2520 ¹

318 2629 347 2659 «
366 2602 641 2670 Dividite‚
674 2614 731 2657 et
759 2603 1008 2659 medium
1029 2625 1180 2661 nunc
1207 2605 1403 2660 saltem
1433 2604 1712 2661 admittite

541 2701 781 2765 patrem.
804 2713 833 2741 υ
921 2737 934 2746 .
1435 2751 1450 2756 ‚

314 2776 469 2835 Talia
503 2775 831 2851 dequestuS,
861 2774 1136 2852 paulatim
1160 2785 1472 2852 sumpserat
1496 2773 1608 2829 iras

315 2861 513 2918 Mortis
532 2903 547 2931 ,
572 2874 630 2916 et
663 2861 881 2917 occulte
908 2862 1081 2917 telum
1099 2903 1114 2933 ‚
1139 2862 1198 2918 ni
1221 2874 1352 2918 nata
1373 2870 1616 2936 vetaret,

310 2945 643 3022 Quaerebat;
681 2947 773 3005 sed
802 2960 955 3005 casta
982 2968 1155 3006 manu
1187 2948 1542 3005 subtraxerat
1574 2964 1733 3004 enses

1345 3030 1505 3103 *15
