<?xml version="1.0" encoding="UTF-8"?>
<!DOCTYPE html PUBLIC "-//W3C//DTD XHTML 1.0 Transitional//EN"
    "http://www.w3.org/TR/xhtml1/DTD/xhtml1-transitional.dtd">
<html xmlns="http://www.w3.org/1999/xhtml" xml:lang="en" lang="en">
 <head>
  <title>
</title>
<meta http-equiv="Content-Type" content="text/html;charset=utf-8" />
  <meta name='ocr-system' content='tesseract 3.04.00' />
  <meta name='ocr-capabilities' content='ocr_page ocr_carea ocr_par ocr_line ocrx_word'/>
</head>
<body>
  <div class='ocr_page' id='page_1' title='image "./operaadoptimeed00statgoog/operaadoptimeed00statgoog_0234.png"; bbox 0 0 2079 3613; ppageno 0'>
   <div class='ocr_carea' id='block_1_1' title="bbox 329 290 1639 376">
    <p class='ocr_par' dir='ltr' id='par_1_1' title="bbox 329 290 1639 376">
     <span class='ocr_line' id='line_1_1' title="bbox 329 290 1639 376; baseline 0 -30"><span class='ocrx_word' id='word_1_1' title='bbox 329 290 457 350; x_wconf 75' lang='lat'><strong>208</strong></span> <span class='ocrx_word' id='word_1_2' title='bbox 597 295 1038 362; x_wconf 70' lang='grc' dir='ltr'><strong>ΤΗΕΒΑῙυος,</strong></span> <span class='ocrx_word' id='word_1_3' title='bbox 1092 296 1426 350; x_wconf 75' lang='lat' dir='ltr'><strong>mn.·v11.</strong></span> <span class='ocrx_word' id='word_1_4' title='bbox 1525 296 1639 376; x_wconf 72' lang='lat'><strong>734-</strong></span> 
     </span>
    </p>
   </div>
   <div class='ocr_carea' id='block_1_2' title="bbox 298 394 1855 2690">
    <p class='ocr_par' dir='ltr' id='par_1_2' title="bbox 322 394 1739 623">
     <span class='ocr_line' id='line_1_2' title="bbox 322 394 1739 473; baseline 0.005 -25"><span class='ocrx_word' id='word_1_5' title='bbox 322 419 359 448; x_wconf 75' lang='grc' dir='ltr'><strong>ιι</strong></span> <span class='ocrx_word' id='word_1_6' title='bbox 379 396 434 450; x_wconf 90' lang='lat' dir='ltr'><strong>Si</strong></span> <span class='ocrx_word' id='word_1_7' title='bbox 460 394 561 452; x_wconf 85' lang='lat' dir='ltr'><strong>tibi</strong></span> <span class='ocrx_word' id='word_1_8' title='bbox 583 396 813 453; x_wconf 83' lang='lat' dir='ltr'><strong>collatus</strong></span> <span class='ocrx_word' id='word_1_9' title='bbox 837 396 1043 453; x_wconf 65' lang='lat' dir='ltr'><strong>Divum</strong></span> <span class='ocrx_word' id='word_1_10' title='bbox 1063 408 1230 450; x_wconf 82' lang='lat' dir='ltr'><strong>sator.</strong></span> <span class='ocrx_word' id='word_1_11' title='bbox 1255 394 1460 451; x_wconf 87' lang='lat' dir='ltr'><strong>Omnia</strong></span> <span class='ocrx_word' id='word_1_12' title='bbox 1485 414 1739 473; x_wconf 81' lang='lat' dir='ltr'>mergam</span> 
     </span>
     <span class='ocr_line' id='line_1_3' title="bbox 322 480 1678 557; baseline 0.002 -22"><span class='ocrx_word' id='word_1_13' title='bbox 322 503 353 535; x_wconf 74' lang='grc' dir='ltr'><strong>α</strong></span> <span class='ocrx_word' id='word_1_14' title='bbox 373 482 645 539; x_wconf 83' lang='lat' dir='ltr'><strong>Fontibus</strong></span> <span class='ocrx_word' id='word_1_15' title='bbox 665 503 817 539; x_wconf 88' lang='lat' dir='ltr'><strong>arma</strong></span> <span class='ocrx_word' id='word_1_16' title='bbox 840 481 950 538; x_wconf 90' lang='lat' dir='ltr'><strong>tuis</strong></span> <span class='ocrx_word' id='word_1_17' title='bbox 964 523 980 553; x_wconf 87' lang='lat'>‚</span> <span class='ocrx_word' id='word_1_18' title='bbox 1003 481 1299 556; x_wconf 82' lang='lat' dir='ltr'><strong>tristesque</strong></span> <span class='ocrx_word' id='word_1_19' title='bbox 1327 480 1444 537; x_wconf 89' lang='lat' dir='ltr'><strong>sine</strong></span> <span class='ocrx_word' id='word_1_20' title='bbox 1466 501 1678 557; x_wconf 80' lang='lat' dir='ltr'>augure</span> 
     </span>
     <span class='ocr_line' id='line_1_4' title="bbox 525 567 1305 623; baseline -0.005 -1"><span class='ocrx_word' id='word_1_21' title='bbox 525 567 708 623; x_wconf 82' lang='lat' dir='ltr'><strong>vittas.</strong></span> <span class='ocrx_word' id='word_1_22' title='bbox 733 590 761 618; x_wconf 67' lang='grc' dir='ltr'><strong>η</strong></span> <span class='ocrx_word' id='word_1_23' title='bbox 1302 570 1305 575; x_wconf 72' lang='grc'><em>“</em></span> 
     </span>
    </p>

    <p class='ocr_par' dir='ltr' id='par_1_3' title="bbox 305 650 1822 2007">
     <span class='ocr_line' id='line_1_5' title="bbox 391 650 1765 728; baseline -0.001 -21"><span class='ocrx_word' id='word_1_24' title='bbox 391 650 670 709; x_wconf 83' lang='lat' dir='ltr'><strong>Audierat</strong></span> <span class='ocrx_word' id='word_1_25' title='bbox 699 651 915 726; x_wconf 84' lang='lat' dir='ltr'><strong>genitor</strong></span> <span class='ocrx_word' id='word_1_26' title='bbox 939 670 953 706; x_wconf 73' lang='grc' dir='ltr'>ε</span> <span class='ocrx_word' id='word_1_27' title='bbox 983 663 1142 709; x_wconf 79' lang='lat' dir='ltr'><strong>vetat</strong></span> <span class='ocrx_word' id='word_1_28' title='bbox 1165 650 1453 728; x_wconf 84' lang='lat' dir='ltr'><strong>indulgere</strong></span> <span class='ocrx_word' id='word_1_29' title='bbox 1478 650 1765 707; x_wconf 85' lang='lat' dir='ltr'><strong>volentem</strong></span> 
     </span>
     <span class='ocr_line' id='line_1_6' title="bbox 315 736 1821 814; baseline -0.001 -20"><span class='ocrx_word' id='word_1_30' title='bbox 315 736 574 810; x_wconf 48' lang='lat' dir='ltr'><strong>Phoebus</strong></span> <span class='ocrx_word' id='word_1_31' title='bbox 590 750 647 793; x_wconf 91' lang='lat' dir='ltr'><strong>et</strong></span> <span class='ocrx_word' id='word_1_32' title='bbox 669 738 919 813; x_wconf 73' lang='lat' dir='ltr'><strong>aurigam</strong></span> <span class='ocrx_word' id='word_1_33' title='bbox 934 739 1181 814; x_wconf 85' lang='lat' dir='ltr'><strong>jaculum</strong></span> <span class='ocrx_word' id='word_1_34' title='bbox 1201 738 1499 814; x_wconf 84' lang='lat' dir='ltr'><strong>detorquet</strong></span> <span class='ocrx_word' id='word_1_35' title='bbox 1516 739 1575 792; x_wconf 91' lang='lat' dir='ltr'><strong>in</strong></span> <span class='ocrx_word' id='word_1_36' title='bbox 1589 740 1821 795; x_wconf 79' lang='lat' dir='ltr'><strong>Hersen.</strong></span> 
     </span>
     <span class='ocr_line' id='line_1_7' title="bbox 315 820 1692 900; baseline 0.001 -24"><span class='ocrx_word' id='word_1_37' title='bbox 315 820 421 877; x_wconf 87' lang='lat' dir='ltr'><strong>Ille</strong></span> <span class='ocrx_word' id='word_1_38' title='bbox 445 823 559 878; x_wconf 86' lang='lat' dir='ltr'><strong>ruit</strong></span> <span class='ocrx_word' id='word_1_39' title='bbox 582 841 596 877; x_wconf 72' lang='grc' dir='ltr'><strong><em>ε</em></strong></span> <span class='ocrx_word' id='word_1_40' title='bbox 629 825 781 878; x_wconf 90' lang='lat' dir='ltr'><strong>Deus</strong></span> <span class='ocrx_word' id='word_1_41' title='bbox 809 822 928 899; x_wconf 88' lang='lat' dir='ltr'><strong>ipse</strong></span> <span class='ocrx_word' id='word_1_42' title='bbox 955 825 1110 900; x_wconf 83' lang='lat' dir='ltr'><strong>vagis</strong></span> <span class='ocrx_word' id='word_1_43' title='bbox 1141 823 1393 880; x_wconf 85' lang='lat' dir='ltr'><strong>succedit</strong></span> <span class='ocrx_word' id='word_1_44' title='bbox 1423 821 1692 893; x_wconf 77' lang='lat' dir='ltr'><strong>habeni5‚</strong></span> 
     </span>
     <span class='ocr_line' id='line_1_8' title="bbox 314 904 1633 984; baseline 0.002 -26"><span class='ocrx_word' id='word_1_45' title='bbox 314 904 610 962; x_wconf 75' lang='lat' dir='ltr'><strong>Lernaeum</strong></span> <span class='ocrx_word' id='word_1_46' title='bbox 640 906 779 963; x_wconf 83' lang='lat' dir='ltr'><strong>salso</strong></span> <span class='ocrx_word' id='word_1_47' title='bbox 809 906 1074 963; x_wconf 86' lang='lat' dir='ltr'><strong>simulans</strong></span> <span class='ocrx_word' id='word_1_48' title='bbox 1101 906 1426 984; x_wconf 82' lang='lat' dir='ltr'><strong>Aliagmona</strong></span> <span class='ocrx_word' id='word_1_49' title='bbox 1454 908 1633 963; x_wconf 84' lang='lat' dir='ltr'><strong>vultu.</strong></span> 
     </span>
     <span class='ocr_line' id='line_1_9' title="bbox 315 990 1732 1055; baseline 0.002 -11"><span class='ocrx_word' id='word_1_50' title='bbox 315 990 483 1046; x_wconf 88' lang='lat' dir='ltr'><strong>Tune</strong></span> <span class='ocrx_word' id='word_1_51' title='bbox 509 1008 641 1046; x_wconf 86' lang='lat' dir='ltr'><strong>vero</strong></span> <span class='ocrx_word' id='word_1_52' title='bbox 677 991 894 1048; x_wconf 79' lang='lat' dir='ltr'><strong>ardenti</strong></span> <span class='ocrx_word' id='word_1_53' title='bbox 927 1000 1044 1048; x_wconf 82' lang='lat' dir='ltr'><strong>non</strong></span> <span class='ocrx_word' id='word_1_54' title='bbox 1076 990 1186 1048; x_wconf 85' lang='lat' dir='ltr'><strong>ulla</strong></span> <span class='ocrx_word' id='word_1_55' title='bbox 1217 991 1484 1055; x_wconf 87' lang='lat' dir='ltr'><strong>obsistere</strong></span> <span class='ocrx_word' id='word_1_56' title='bbox 1517 1003 1732 1048; x_wconf 74' lang='lat' dir='ltr'><strong>tentant</strong></span> 
     </span>
     <span class='ocr_line' id='line_1_10' title="bbox 316 1073 1702 1148; baseline 0.003 -22"><span class='ocrx_word' id='word_1_57' title='bbox 316 1073 510 1148; x_wconf 87' lang='lat' dir='ltr'><strong>Signa,</strong></span> <span class='ocrx_word' id='word_1_58' title='bbox 539 1088 713 1131; x_wconf 88' lang='lat' dir='ltr'><strong>ruunt</strong></span> <span class='ocrx_word' id='word_1_59' title='bbox 745 1075 864 1131; x_wconf 91' lang='lat' dir='ltr'><strong>solo</strong></span> <span class='ocrx_word' id='word_1_60' title='bbox 898 1089 1150 1144; x_wconf 80' lang='lat' dir='ltr'><strong>terrore3</strong></span> <span class='ocrx_word' id='word_1_61' title='bbox 1187 1089 1245 1131; x_wconf 85' lang='lat' dir='ltr'><strong>et</strong></span> <span class='ocrx_word' id='word_1_62' title='bbox 1270 1073 1501 1132; x_wconf 86' lang='lat' dir='ltr'><strong>vulnera</strong></span> <span class='ocrx_word' id='word_1_63' title='bbox 1530 1076 1702 1146; x_wconf 83' lang='lat' dir='ltr'><strong>citra,</strong></span> 
     </span>
     <span class='ocr_line' id='line_1_11' title="bbox 315 1158 1769 1236; baseline 0 -23"><span class='ocrx_word' id='word_1_64' title='bbox 315 1159 469 1213; x_wconf 91' lang='lat' dir='ltr'><strong>Mors</strong></span> <span class='ocrx_word' id='word_1_65' title='bbox 496 1159 731 1234; x_wconf 84' lang='lat' dir='ltr'><strong>trepidis</strong></span> <span class='ocrx_word' id='word_1_66' title='bbox 757 1160 959 1236; x_wconf 88' lang='lat' dir='ltr'><strong>ignava</strong></span> <span class='ocrx_word' id='word_1_67' title='bbox 983 1159 1139 1217; x_wconf 88' lang='lat' dir='ltr'><strong>venit</strong></span> <span class='ocrx_word' id='word_1_68' title='bbox 1163 1178 1181 1213; x_wconf 73' lang='lat'>2</span> <span class='ocrx_word' id='word_1_69' title='bbox 1211 1158 1552 1235; x_wconf 88' lang='lat' dir='ltr'><strong>dubiumque</strong></span> <span class='ocrx_word' id='word_1_70' title='bbox 1582 1162 1769 1218; x_wconf 66' lang='lat' dir='ltr'><strong>tuenti,</strong></span> 
     </span>
     <span class='ocr_line' id='line_1_12' title="bbox 311 1240 1708 1320; baseline 0.003 -22"><span class='ocrx_word' id='word_1_71' title='bbox 311 1240 578 1300; x_wconf 86' lang='lat' dir='ltr'><strong>Presserit</strong></span> <span class='ocrx_word' id='word_1_72' title='bbox 604 1245 852 1300; x_wconf 87' lang='lat' dir='ltr'><strong>incessos</strong></span> <span class='ocrx_word' id='word_1_73' title='bbox 882 1264 1023 1301; x_wconf 86' lang='lat' dir='ltr'><strong>onus</strong></span> <span class='ocrx_word' id='word_1_74' title='bbox 1041 1287 1056 1314; x_wconf 85' lang='lat'>,</span> <span class='ocrx_word' id='word_1_75' title='bbox 1087 1244 1450 1320; x_wconf 83' lang='lat' dir='ltr'><strong>impuleritne</strong></span> <span class='ocrx_word' id='word_1_76' title='bbox 1474 1246 1708 1320; x_wconf 76' lang='lat' dir='ltr'><strong>jugales-</strong></span> 
     </span>
     <span class='ocr_line' id='line_1_13' title="bbox 312 1325 1822 1399; baseline 0.007 -19"><span class='ocrx_word' id='word_1_77' title='bbox 312 1325 402 1382; x_wconf 88' lang='lat' dir='ltr'><strong>Sic</strong></span> <span class='ocrx_word' id='word_1_78' title='bbox 423 1326 519 1382; x_wconf 89' lang='lat' dir='ltr'><strong>ubi</strong></span> <span class='ocrx_word' id='word_1_79' title='bbox 545 1327 858 1384; x_wconf 83' lang='lat' dir='ltr'><strong>nubiferum</strong></span> <span class='ocrx_word' id='word_1_80' title='bbox 884 1330 1090 1385; x_wconf 89' lang='lat' dir='ltr'><strong>montis</strong></span> <span class='ocrx_word' id='word_1_81' title='bbox 1114 1329 1262 1385; x_wconf 89' lang='lat' dir='ltr'><strong>latus</strong></span> <span class='ocrx_word' id='word_1_82' title='bbox 1278 1370 1295 1399; x_wconf 83' lang='lat'>,</span> <span class='ocrx_word' id='word_1_83' title='bbox 1325 1342 1421 1385; x_wconf 90' lang='lat' dir='ltr'><strong>aut</strong></span> <span class='ocrx_word' id='word_1_84' title='bbox 1452 1350 1599 1385; x_wconf 86' lang='lat' dir='ltr'><strong>nova</strong></span> <span class='ocrx_word' id='word_1_85' title='bbox 1631 1335 1822 1391; x_wconf 73' lang='lat' dir='ltr'><strong>ventis</strong></span> 
     </span>
     <span class='ocr_line' id='line_1_14' title="bbox 312 1409 1743 1488; baseline 0.005 -24"><span class='ocrx_word' id='word_1_86' title='bbox 312 1410 488 1466; x_wconf 89' lang='lat' dir='ltr'><strong>Solvit</strong></span> <span class='ocrx_word' id='word_1_87' title='bbox 508 1409 718 1481; x_wconf 78' lang='lat' dir='ltr'><strong>hiemS,</strong></span> <span class='ocrx_word' id='word_1_88' title='bbox 748 1424 842 1468; x_wconf 87' lang='lat' dir='ltr'><strong>aut</strong></span> <span class='ocrx_word' id='word_1_89' title='bbox 868 1414 1018 1470; x_wconf 81' lang='lat' dir='ltr'><strong>victa</strong></span> <span class='ocrx_word' id='word_1_90' title='bbox 1047 1414 1157 1469; x_wconf 87' lang='lat' dir='ltr'><strong>situ</strong></span> <span class='ocrx_word' id='word_1_91' title='bbox 1181 1434 1296 1468; x_wconf 87' lang='lat' dir='ltr'><strong>non</strong></span> <span class='ocrx_word' id='word_1_92' title='bbox 1317 1413 1553 1488; x_wconf 89' lang='lat' dir='ltr'><strong>pertulit</strong></span> <span class='ocrx_word' id='word_1_93' title='bbox 1580 1427 1743 1485; x_wconf 81' lang='lat' dir='ltr'><strong>aetas;</strong></span> 
     </span>
     <span class='ocr_line' id='line_1_15' title="bbox 308 1495 1812 1577; baseline 0.005 -26"><span class='ocrx_word' id='word_1_94' title='bbox 308 1495 507 1552; x_wconf 86' lang='lat' dir='ltr'><strong>Desilit</strong></span> <span class='ocrx_word' id='word_1_95' title='bbox 546 1495 861 1555; x_wconf 90' lang='lat' dir='ltr'><strong>horrendus</strong></span> <span class='ocrx_word' id='word_1_96' title='bbox 886 1519 1087 1574; x_wconf 87' lang='lat' dir='ltr'><strong>campo</strong></span> <span class='ocrx_word' id='word_1_97' title='bbox 1116 1503 1312 1567; x_wconf 88' lang='lat' dir='ltr'><strong>timor,</strong></span> <span class='ocrx_word' id='word_1_98' title='bbox 1349 1519 1514 1568; x_wconf 81' lang='lat' dir='ltr'><strong>arva,</strong></span> <span class='ocrx_word' id='word_1_99' title='bbox 1552 1499 1812 1577; x_wconf 85' lang='lat' dir='ltr'><strong>virosque</strong></span> 
     </span>
     <span class='ocr_line' id='line_1_16' title="bbox 308 1581 1666 1660; baseline 0.004 -25"><span class='ocrx_word' id='word_1_100' title='bbox 308 1581 517 1636; x_wconf 89' lang='lat' dir='ltr'><strong>Limite</strong></span> <span class='ocrx_word' id='word_1_101' title='bbox 539 1602 656 1638; x_wconf 89' lang='lat' dir='ltr'><strong>non</strong></span> <span class='ocrx_word' id='word_1_102' title='bbox 680 1604 791 1640; x_wconf 90' lang='lat' dir='ltr'><strong>uno</strong></span> <span class='ocrx_word' id='word_1_103' title='bbox 813 1627 829 1654; x_wconf 89' lang='lat'>‚</span> <span class='ocrx_word' id='word_1_104' title='bbox 856 1584 1215 1660; x_wconf 70' lang='lat' dir='ltr'><strong>longaevaque</strong></span> <span class='ocrx_word' id='word_1_105' title='bbox 1242 1585 1443 1642; x_wconf 82' lang='lat' dir='ltr'><strong>robora</strong></span> <span class='ocrx_word' id='word_1_106' title='bbox 1474 1605 1666 1642; x_wconf 87' lang='lat' dir='ltr'><strong>secum</strong></span> 
     </span>
     <span class='ocr_line' id='line_1_17' title="bbox 307 1666 1807 1747; baseline 0.007 -25"><span class='ocrx_word' id='word_1_107' title='bbox 307 1666 683 1743; x_wconf 67' lang='lat' dir='ltr'><strong>Praecipitatus,</strong></span> <span class='ocrx_word' id='word_1_108' title='bbox 702 1672 1045 1747; x_wconf 79' lang='lat' dir='ltr'><strong>tandemque</strong></span> <span class='ocrx_word' id='word_1_109' title='bbox 1066 1671 1380 1740; x_wconf 87' lang='lat' dir='ltr'><strong>exhaustus,</strong></span> <span class='ocrx_word' id='word_1_110' title='bbox 1400 1673 1623 1729; x_wconf 86' lang='lat' dir='ltr'><strong>turbine</strong></span> <span class='ocrx_word' id='word_1_111' title='bbox 1642 1675 1807 1747; x_wconf 77' lang='lat' dir='ltr'><strong>sessu,</strong></span> 
     </span>
     <span class='ocr_line' id='line_1_18' title="bbox 305 1755 1758 1833; baseline 0.004 -22"><span class='ocrx_word' id='word_1_112' title='bbox 305 1755 419 1811; x_wconf 75' lang='lat' dir='ltr'><strong>&#39;Aut</strong></span> <span class='ocrx_word' id='word_1_113' title='bbox 442 1755 645 1813; x_wconf 82' lang='lat' dir='ltr'><strong>val-lum</strong></span> <span class='ocrx_word' id='word_1_114' title='bbox 671 1771 859 1829; x_wconf 81' lang='lat' dir='ltr'><strong>cavat,</strong></span> <span class='ocrx_word' id='word_1_115' title='bbox 887 1771 981 1815; x_wconf 90' lang='lat' dir='ltr'><strong>aut</strong></span> <span class='ocrx_word' id='word_1_116' title='bbox 1004 1757 1221 1814; x_wconf 89' lang='lat' dir='ltr'><strong>medios</strong></span> <span class='ocrx_word' id='word_1_117' title='bbox 1242 1757 1525 1833; x_wconf 86' lang='lat' dir='ltr'><strong>intercipit</strong></span> <span class='ocrx_word' id='word_1_118' title='bbox 1548 1778 1758 1817; x_wconf 71' lang='lat' dir='ltr'><strong>amnes,</strong></span> 
     </span>
     <span class='ocr_line' id='line_1_19' title="bbox 308 1837 1748 1922; baseline 0.003 -23"><span class='ocrx_word' id='word_1_119' title='bbox 308 1842 440 1899; x_wconf 89' lang='lat' dir='ltr'><strong>Non</strong></span> <span class='ocrx_word' id='word_1_120' title='bbox 460 1837 617 1900; x_wconf 78' lang='lat' dir='ltr'><strong>secus</strong></span> <span class='ocrx_word' id='word_1_121' title='bbox 637 1846 959 1922; x_wconf 86' lang='lat' dir='ltr'><strong>ingentique</strong></span> <span class='ocrx_word' id='word_1_122' title='bbox 981 1846 1123 1914; x_wconf 81' lang='lat' dir='ltr'><strong>vire,</strong></span> <span class='ocrx_word' id='word_1_123' title='bbox 1149 1866 1464 1921; x_wconf 84' lang='lat' dir='ltr'><strong>magnoque</strong></span> <span class='ocrx_word' id='word_1_124' title='bbox 1488 1860 1748 1921; x_wconf 82' lang='lat' dir='ltr'><strong>gravatus</strong></span> 
     </span>
     <span class='ocr_line' id='line_1_20' title="bbox 306 1926 1680 2007; baseline 0.003 -24"><span class='ocrx_word' id='word_1_125' title='bbox 306 1926 484 1984; x_wconf 88' lang='lat' dir='ltr'><strong>Temo</strong></span> <span class='ocrx_word' id='word_1_126' title='bbox 510 1934 659 2000; x_wconf 79' lang='lat' dir='ltr'><strong>Deo,</strong></span> <span class='ocrx_word' id='word_1_127' title='bbox 688 1953 838 1989; x_wconf 90' lang='lat' dir='ltr'><strong>nunc</strong></span> <span class='ocrx_word' id='word_1_128' title='bbox 865 1932 1011 2002; x_wconf 61' lang='lat' dir='ltr'><strong>hoe,</strong></span> <span class='ocrx_word' id='word_1_129' title='bbox 1029 1950 1180 1996; x_wconf 75' lang='lat' dir='ltr'><strong>nunc</strong></span> <span class='ocrx_word' id='word_1_130' title='bbox 1207 1930 1304 1987; x_wconf 81' lang='lat' dir='ltr'><strong>illo</strong></span> <span class='ocrx_word' id='word_1_131' title='bbox 1332 1931 1390 1987; x_wconf 90' lang='lat' dir='ltr'><strong>in</strong></span> <span class='ocrx_word' id='word_1_132' title='bbox 1414 1932 1680 2007; x_wconf 86' lang='lat' dir='ltr'><strong>sanguine</strong></span> 
     </span>
    </p>

    <p class='ocr_par' dir='ltr' id='par_1_4' title="bbox 302 2015 1855 2522">
     <span class='ocr_line' id='line_1_21' title="bbox 530 2015 741 2073; baseline 0.005 -3"><span class='ocrx_word' id='word_1_133' title='bbox 530 2015 741 2073; x_wconf 85' lang='lat' dir='ltr'><strong>servet.</strong></span> 
     </span>
     <span class='ocr_line' id='line_1_22' title="bbox 304 2096 1764 2176; baseline 0.007 -24"><span class='ocrx_word' id='word_1_134' title='bbox 304 2097 437 2172; x_wconf 91' lang='lat' dir='ltr'><strong>Ipse</strong></span> <span class='ocrx_word' id='word_1_135' title='bbox 456 2096 663 2154; x_wconf 89' lang='lat' dir='ltr'><strong>sedens</strong></span> <span class='ocrx_word' id='word_1_136' title='bbox 685 2097 810 2153; x_wconf 88' lang='lat' dir='ltr'><strong>telis</strong></span> <span class='ocrx_word' id='word_1_137' title='bbox 825 2140 840 2168; x_wconf 85' lang='lat'>,</span> <span class='ocrx_word' id='word_1_138' title='bbox 865 2100 1205 2176; x_wconf 87' lang='lat' dir='ltr'><strong>pariterque-</strong></span> <span class='ocrx_word' id='word_1_139' title='bbox 1222 2102 1501 2158; x_wconf 87' lang='lat' dir='ltr'><strong>ministrat</strong></span> <span class='ocrx_word' id='word_1_140' title='bbox 1519 2104 1764 2162; x_wconf 33' lang='lat' dir='ltr'><strong>habenis*</strong></span> 
     </span>
     <span class='ocr_line' id='line_1_23' title="bbox 303 2180 1698 2265; baseline 0.006 -30"><span class='ocrx_word' id='word_1_141' title='bbox 303 2180 503 2237; x_wconf 90' lang='lat' dir='ltr'><strong>Delius</strong></span> <span class='ocrx_word' id='word_1_142' title='bbox 531 2183 697 2256; x_wconf 73' lang='lat' dir='ltr'><strong>:ipse</strong></span> <span class='ocrx_word' id='word_1_143' title='bbox 729 2184 898 2240; x_wconf 89' lang='lat' dir='ltr'><strong>docet</strong></span> <span class='ocrx_word' id='word_1_144' title='bbox 923 2187 1134 2259; x_wconf 84' lang='lat' dir='ltr'><strong>jactuS‚</strong></span> <span class='ocrx_word' id='word_1_145' title='bbox 1162 2191 1503 2265; x_wconf 84' lang='lat' dir='ltr'><strong>adversaque</strong></span> <span class='ocrx_word' id='word_1_146' title='bbox 1531 2191 1698 2246; x_wconf 77' lang='lat' dir='ltr'><strong>flectit</strong></span> 
     </span>
     <span class='ocr_line' id='line_1_24' title="bbox 305 2267 1799 2344; baseline 0.007 -23"><span class='ocrx_word' id='word_1_147' title='bbox 305 2267 563 2341; x_wconf 88' lang='lat' dir='ltr'><strong>Spicula,</strong></span> <span class='ocrx_word' id='word_1_148' title='bbox 593 2268 985 2344; x_wconf 82' lang='lat' dir='ltr'><strong>fortunamque</strong></span> <span class='ocrx_word' id='word_1_149' title='bbox 1015 2271 1189 2326; x_wconf 82' lang='lat' dir='ltr'><strong>hastis</strong></span> <span class='ocrx_word' id='word_1_150' title='bbox 1215 2274 1570 2330; x_wconf 71' lang='lat' dir='ltr'><strong>venientibus</strong></span> <span class='ocrx_word' id='word_1_151' title='bbox 1599 2275 1799 2331; x_wconf 87' lang='lat' dir='ltr'><strong>aufert.</strong></span> 
     </span>
     <span class='ocr_line' id='line_1_25' title="bbox 305 2352 1855 2434; baseline 0.006 -26"><span class='ocrx_word' id='word_1_152' title='bbox 305 2352 644 2409; x_wconf 84' lang='lat' dir='ltr'><strong>Sternuntur</strong></span> <span class='ocrx_word' id='word_1_153' title='bbox 669 2366 856 2423; x_wconf 66' lang='lat' dir='ltr'><strong>terrae,</strong></span> <span class='ocrx_word' id='word_1_154' title='bbox 882 2356 1129 2413; x_wconf 82' lang='lat' dir='ltr'><strong>Menalas</strong></span> <span class='ocrx_word' id='word_1_155' title='bbox 1159 2361 1358 2434; x_wconf 80' lang='lat' dir='ltr'><strong>pedeS‚</strong></span> <span class='ocrx_word' id='word_1_156' title='bbox 1381 2360 1670 2434; x_wconf 89' lang='lat' dir='ltr'><strong>Antiphus</strong></span> <span class='ocrx_word' id='word_1_157' title='bbox 1687 2364 1814 2416; x_wconf 72' lang='lat' dir='ltr'><strong>alte·</strong></span> <span class='ocrx_word' id='word_1_158' title='bbox 1851 2382 1855 2386; x_wconf 91' lang='lat'>·</span> 
     </span>
     <span class='ocr_line' id='line_1_26' title="bbox 302 2437 1653 2522; baseline 0.005 -27"><span class='ocrx_word' id='word_1_159' title='bbox 302 2437 402 2495; x_wconf 83' lang='lat' dir='ltr'><strong>Nil</strong></span> <span class='ocrx_word' id='word_1_160' title='bbox 433 2441 697 2496; x_wconf 84' lang='lat' dir='ltr'><strong>defensus</strong></span> <span class='ocrx_word' id='word_1_161' title='bbox 732 2462 875 2518; x_wconf 89' lang='lat' dir='ltr'><strong>equo</strong></span> <span class='ocrx_word' id='word_1_162' title='bbox 896 2484 912 2513; x_wconf 87' lang='lat'><strong>,</strong></span> <span class='ocrx_word' id='word_1_163' title='bbox 952 2446 1279 2522; x_wconf 84' lang='lat' dir='ltr'><strong>genitusque</strong></span> <span class='ocrx_word' id='word_1_164' title='bbox 1319 2443 1653 2502; x_wconf 88' lang='lat' dir='ltr'><strong>Heliconide</strong></span> 
     </span>
    </p>

    <p class='ocr_par' dir='ltr' id='par_1_5' title="bbox 298 2526 1593 2690">
     <span class='ocr_line' id='line_1_27' title="bbox 528 2526 1577 2602; baseline 0.003 -21"><span class='ocrx_word' id='word_1_165' title='bbox 528 2526 792 2602; x_wconf 81' lang='lat' dir='ltr'><strong>Nympha</strong></span> <span class='ocrx_word' id='word_1_166' title='bbox 1576 2591 1577 2594; x_wconf 8' lang='grc' dir='ltr'><strong>Ἴ</strong></span> 
     </span>
     <span class='ocr_line' id='line_1_28' title="bbox 298 2606 1593 2690; baseline 0.009 -29"><span class='ocrx_word' id='word_1_167' title='bbox 298 2606 559 2676; x_wconf 86' lang='lat' dir='ltr'><strong>AEthion,</strong></span> <span class='ocrx_word' id='word_1_168' title='bbox 592 2628 843 2685; x_wconf 78' lang='lat' dir='ltr'><strong>caesoque</strong></span> <span class='ocrx_word' id='word_1_169' title='bbox 872 2611 1095 2671; x_wconf 86' lang='lat' dir='ltr'><strong>infamis</strong></span> <span class='ocrx_word' id='word_1_170' title='bbox 1123 2614 1294 2670; x_wconf 84' lang='lat' dir='ltr'><strong>fratre</strong></span> <span class='ocrx_word' id='word_1_171' title='bbox 1329 2616 1550 2690; x_wconf 86' lang='lat' dir='ltr'><strong>Polytes</strong></span> <span class='ocrx_word' id='word_1_172' title='bbox 1568 2657 1593 2686; x_wconf 62' lang='lat'>5</span> 
     </span>
    </p>
   </div>
   <div class='ocr_carea' id='block_1_3' title="bbox 249 2691 1635 2772">
    <p class='ocr_par' dir='ltr' id='par_1_6' title="bbox 249 2691 1635 2772">
     <span class='ocr_line' id='line_1_29' title="bbox 249 2691 1635 2772; baseline 0.009 -29"><span class='ocrx_word' id='word_1_173' title='bbox 249 2695 260 2702; x_wconf 70' lang='lat'><strong><em>⁴</em></strong></span> <span class='ocrx_word' id='word_1_174' title='bbox 298 2691 656 2769; x_wconf 83' lang='lat' dir='ltr'><strong>conatusque</strong></span> <span class='ocrx_word' id='word_1_175' title='bbox 685 2696 820 2751; x_wconf 90' lang='lat' dir='ltr'><strong>toris</strong></span> <span class='ocrx_word' id='word_1_176' title='bbox 846 2699 1104 2754; x_wconf 82' lang='lat' dir='ltr'><strong>vittatam</strong></span> <span class='ocrx_word' id='word_1_177' title='bbox 1133 2701 1407 2772; x_wconf 86' lang='lat' dir='ltr'><strong>attingere</strong></span> <span class='ocrx_word' id='word_1_178' title='bbox 1437 2703 1635 2755; x_wconf 70' lang='lat' dir='ltr'><strong>Manto-</strong></span> 
     </span>
    </p>
   </div>
   <div class='ocr_carea' id='block_1_4' title="bbox 292 2778 1641 2938">
    <p class='ocr_par' dir='ltr' id='par_1_7' title="bbox 292 2778 1641 2938">
     <span class='ocr_line' id='line_1_30' title="bbox 292 2778 1641 2859; baseline 0.006 -26"><span class='ocrx_word' id='word_1_179' title='bbox 292 2779 537 2855; x_wconf 88' lang='lat' dir='ltr'><strong>Lampus</strong></span> <span class='ocrx_word' id='word_1_180' title='bbox 559 2798 572 2833; x_wconf 73' lang='grc' dir='ltr'>ε</span> <span class='ocrx_word' id='word_1_181' title='bbox 604 2778 660 2835; x_wconf 89' lang='lat' dir='ltr'><strong>in</strong></span> <span class='ocrx_word' id='word_1_182' title='bbox 687 2781 833 2837; x_wconf 90' lang='lat' dir='ltr'><strong>hunc</strong></span> <span class='ocrx_word' id='word_1_183' title='bbox 853 2801 1045 2839; x_wconf 72' lang='lat' dir='ltr'><strong>oacras</strong></span> <span class='ocrx_word' id='word_1_184' title='bbox 1069 2782 1311 2838; x_wconf 87' lang='lat' dir='ltr'><strong>Phoebus</strong></span> <span class='ocrx_word' id='word_1_185' title='bbox 1338 2780 1495 2837; x_wconf 90' lang='lat' dir='ltr'><strong>dedit</strong></span> <span class='ocrx_word' id='word_1_186' title='bbox 1522 2783 1641 2859; x_wconf 85' lang='lat' dir='ltr'><strong>ipse</strong></span> 
     </span>
     <span class='ocr_line' id='line_1_31' title="bbox 499 2866 1635 2938; baseline 0.005 -17"><span class='ocrx_word' id='word_1_187' title='bbox 499 2866 744 2938; x_wconf 78' lang='lat' dir='ltr'><strong>sagittas,</strong></span> <span class='ocrx_word' id='word_1_188' title='bbox 1630 2879 1635 2880; x_wconf 48' lang='lat'><em>⁷</em></span> 
     </span>
    </p>
   </div>
   <div class='ocr_carea' id='block_1_5' title="bbox 362 2950 1723 3091">
    <p class='ocr_par' dir='ltr' id='par_1_8' title="bbox 362 2950 1723 3091">
     <span class='ocr_line' id='line_1_32' title="bbox 362 2950 1723 3084; baseline 0.004 -79"><span class='ocrx_word' id='word_1_189' title='bbox 362 2951 436 3005; x_wconf 86' lang='lat' dir='ltr'><strong>Et</strong></span> <span class='ocrx_word' id='word_1_190' title='bbox 468 2950 947 3084; x_wconf 72' lang='lat' dir='ltr'><strong>jamsscornipedes</strong></span> <span class='ocrx_word' id='word_1_191' title='bbox 980 2951 1238 3026; x_wconf 74' lang='lat' dir='ltr'><strong>trepida,</strong></span> <span class='ocrx_word' id='word_1_192' title='bbox 1279 2973 1344 3012; x_wconf 85' lang='lat' dir='ltr'><strong>ac</strong></span> <span class='ocrx_word' id='word_1_193' title='bbox 1382 2955 1723 3014; x_wconf 66' lang='lat' dir='ltr'><strong>moribunda</strong></span> 
     </span>
     <span class='ocr_line' id='line_1_33' title="bbox 517 3046 772 3091; baseline 0.031 -8"><span class='ocrx_word' id='word_1_194' title='bbox 517 3048 575 3085; x_wconf 88' lang='lat' dir='ltr'><strong>re</strong></span> <span class='ocrx_word' id='word_1_195' title='bbox 616 3046 772 3091; x_wconf 81' lang='lat' dir='ltr'><strong>antes</strong></span> 
     </span>
    </p>
   </div>
  </div>
 </body>
</html>
