2079 3613
320 289 430 349 '224
488 284 755 339 PANEG.
805 285 898 336 An
949 284 1151 338 cALP.
1207 287 1545 340 ΡΙεοΝΕΜ.
1645 274 1771 360 599

275 371 329 428 N
334 395 398 430 ec
424 397 518 434 sua
546 382 780 459 Virgilio
807 384 1059 461 permisit
1083 385 1312 457 nomina
1343 383 1465 439 soli.

275 459 549 520 Moecenas
581 469 793 544 tragico
822 471 1168 543 quatientem
1202 469 1415 547 pulpita
1445 482 1601 543 gestu

211 592 216 599 .
273 544 474 602 Evexit
493 550 743 609 Varium.
778 556 1059 611 Moecenas
1078 554 1189 610 alta
1220 555 1493 610 Thoantis

272 630 431 686 Eruit
450 674 466 703 ,
498 647 554 691 et
575 637 809 715 populis
822 640 1065 699 ostendit
1097 640 1322 699 nomina
1351 640 1553 699 Graiis,

267 715 526 772 Carmina
551 724 812 783 Romanis
850 725 1019 780 etiam
1042 725 1360 785 resonantia
1386 722 1631 781 Chordis

269 800 691 881 Ausoniamque
722 809 934 885 chelyn
964 811 1186 885 gracilis
1219 810 1495 886 patefecit
1531 809 1753 868 Horati.

267 886 319 938 O
346 885 518 943 decus
548 903 601 944 et
630 903 746 947 toto
772 896 977 948 merito
1004 895 1341 953 venerabilis
1361 917 1480 953 aevo
1500 936 1519 967 ,

273 967 435 1027 Pierii
471 966 639 1031 tutela
668 975 859 1047 chori,
891 998 1007 1053 quo
1029 979 1296 1056 praeside,
1326 982 1435 1036 tuti

272 1054 402 1109 Non
431 1077 683 1134 unquam
711 1074 866 1118 vates
888 1064 1043 1140 inopi
1073 1065 1309 1121 timuere
1335 1065 1598 1122 senectae!

269 1141 439 1210 Quod
458 1142 503 1197 si
522 1144 646 1221 quis
670 1148 874 1203 nostris
896 1149 1163 1224 precibus
1189 1148 1374 1218 locus,
1404 1163 1461 1206 et
1488 1171 1609 1207 mea
1642 1162 1774 1210 vota

270 1223 328 1279 Si
358 1241 596 1284 mentem
625 1231 844 1287 subiere
875 1247 1026 1289 tuam
1044 1275 1062 1304 ,
1090 1234 1465 1291 memorabilis
1484 1235 1615 1291 olim

270 1310 364 1365 Tu
389 1311 525 1368 mihi
551 1317 830 1373 Moecenas
861 1320 1025 1375 tereti
1052 1320 1347 1376 cantabere
1371 1339 1559 1377 versu.

271 1394 571 1467 Possumus
601 1415 816 1458 aeternae
834 1424 1044 1463 nomen
1071 1405 1419 1465 committere
1448 1406 1637 1462 famae:

272 1479 328 1533 Si
363 1493 551 1539 tamen
580 1484 689 1542 hoc
717 1487 814 1544 ulli
842 1487 911 1544 de
937 1510 996 1545 se
1030 1489 1356 1564 promittere
1382 1488 1467 1546 fas
1494 1502 1594 1547 est.

271 1563 344 1617 Et
363 1565 514 1621 Deus
535 1567 677 1623 alter
696 1570 854 1626 abest
877 1591 892 1626 z
916 1584 1175 1648 superest
1200 1573 1448 1629 animosa
1470 1575 1730 1633 voluntas
1751 1611 1770 1645 ‚

273 1648 517 1724 Ipsaque
545 1653 735 1710 nescio
760 1657 900 1731 quid
925 1678 1079 1713 mens
1111 1656 1475 1714 excellentius
1495 1659 1679 1715 audet.

273 1736 365 1788 Tu
386 1735 543 1791 nanti
564 1744 844 1815 praetende
875 1762 1100 1798 manum
1126 1762 1139 1798 ε
1168 1755 1255 1811 tu,
1279 1743 1400 1798 Piso
1417 1786 1433 1813 ‚
1454 1741 1725 1800 latentem

273 1818 468 1875 Exere.
484 1822 616 1879 Nos
631 1824 857 1882 humilis
877 1815 1101 1896 d'omuS‚
1132 1842 1188 1883 et
1209 1828 1423 1883 sincera
1447 1841 1769 1904 parentum,

272 1902 383 1959 Sed
405 1908 587 1965 tenuis
608 1912 833 1968 fortuna
868 1935 964 1971 sua
991 1913 1232 1990 caligine
1257 1913 1421 1971 celat.

273 1988 570 2051 Possumus
589 1995 864 2072 impositis
887 2011 1062 2074 caput
1088 2012 1397 2055 exonerare
1425 1998 1706 2074 tenebri3‚

273 2073 345 2128 Et
368 2073 554 2133 lucem
576 2094 827 2155 spectare
853 2102 1085 2151 novam,
1109 2083 1155 2138 si
1182 2083 1316 2159 quid
1342 2082 1513 2139 modo
1543 2082 1700 2140 laetus

270 2160 518 2232 Ananis,
550 2176 608 2220 et
632 2166 834 2224 nostris
859 2167 1188 2235 subscribi5‚
1225 2167 1463 2225 candide
1483 2208 1500 2237 ,
1524 2168 1691 2227 votis.

273 2242 404 2315 Est,
429 2247 564 2305 mihi
592 2252 789 2322 crede,
813 2255 950 2310 meis
971 2254 1185 2310 animus
1212 2253 1552 2311 constantior
1571 2255 1734 2311 annis
1750 2296 1767 2327 ‚

271 2330 536 2399 Quamvis
555 2356 706 2393 nunc
731 2338 979 2411 juvenile
998 2340 1174 2396 decus
1195 2340 1332 2394 mihi
1357 2340 1592 2416 pingere

497 2418 668 2477 malas

268 2497 559 2574 Coeperit,
585 2518 641 2561 et
665 2507 918 2564 nondum
941 2508 1203 2567 vicesima
1230 2510 1451 2566 venerit
1479 2522 1627 2567 aetas.

272 2583 441 2652 Quod
465 2585 510 2641 si
534 2589 643 2662 jam
669 2590 865 2648 validae
887 2592 1025 2648 mihi
1048 2592 1221 2648 robur
1246 2594 1450 2649 mentis
1474 2593 1706 2670 inesset,

270 2670 342 2724 Et
366 2669 578 2730 solidus
603 2676 813 2750 primos
832 2679 1093 2756 impleret
1123 2677 1350 2755 spiritus
1381 2698 1583 2751 annoS,

271 2755 567 2814 Auderem
592 2780 756 2819 voces
780 2784 885 2840 per
910 2764 1153 2821 carmina
1179 2776 1367 2820 nostra
1392 2766 1599 2822 referre
1616 2808 1634 2838 ‚

272 2839 396 2896 Piso
415 2884 431 2910 ,
461 2855 579 2900 tuas
598 2866 615 2914 3
645 2846 745 2910 sed
764 2847 901 2905 fessa
926 2848 1078 2904 labat
1102 2848 1241 2903 mihi
1263 2848 1515 2926 pondere
1536 2851 1722 2908 cervix
1743 2893 1762 2923 ,

272 2923 344 2980 Et
368 2932 690 2991 tremefacta
708 2933 921 2992 cadunt
937 2976 953 3008 ‚
975 2934 1193 2993 succiso
1211 2932 1429 3011 poplite
1443 2978 1463 3005 ,
1480 2936 1756 2996 membra:
