2079 3613
295 263 381 321 56
636 264 1076 326 THEBAIDOS,
1130 267 1275 314 Lm.
1330 268 1440 314 111.

511 571 893 662 LIBER
962 569 1569 662 TERTIUS.

264 922 417 1007 -Ατ
451 966 570 1004 non
595 946 781 1003 Aoniae
808 947 1132 1005 moderator
1162 945 1414 1027 perfidus
1448 946 1618 1017 aulae,

285 1038 462 1091 Nocte
487 1032 592 1090 sub
617 1033 850 1110 ancipiti
878 1036 1136 1110 quamvis
1165 1032 1526 1091 humentibus
1558 1032 1740 1099 astris,

284 1119 511 1194 Longus
545 1117 618 1173 ad
641 1121 923 1177 Auroram
948 1134 1179 1196 superet
1196 1120 1358 1175 labor
1375 1159 1392 1188 ‚
1421 1118 1541 1175 otia
1566 1117 1742 1175 somni

283 1203 530 1279 Accipit.
558 1203 859 1278 Invigilant
884 1204 1102 1273 animo,
1131 1202 1472 1276 scelerisque
1497 1203 1684 1276 parati

282 1286 634 1364 Supplicium
659 1300 920 1343 exercent
953 1307 1116 1345 curae.
1156 1292 1317 1343 Tunc
1342 1285 1492 1361 pluri
1516 1306 1582 1343 na
1610 1297 1794 1342 versat

282 1373 555 1430 Pessimus
592 1371 653 1428 in
687 1371 869 1429 dubiis
912 1391 1088 1447 augur
1127 1371 1294 1430 timor
1324 1393 1335 1425 ε
1375 1370 1534 1427 «Hei
1570 1369 1703 1426 mihi
1723 1412 1738 1440 ‚

441 1455 645 1511 clamat
663 1498 679 1525 ‚

293 1561 322 1594 α
340 1537 504 1595 Unde
531 1538 742 1596 morae‘?
763 1540 918 1620 (nam
941 1555 1323 1618 prona·ratu8‚
1345 1539 1681 1616 facilemque
1707 1551 1791 1595 tot

438 1645 602 1681 armis

292 1708 533 1787 «Tydea
554 1751 571 1780 ‚
609 1730 712 1767 nec
744 1732 978 1769 numero
1016 1712 1312 1783 virtutem,
1356 1712 1722 1786 animumque

436 1793 733 1875 rependit)

291 1903 320 1933 α
339 1882 483 1935 Num
508 1879 660 1954 regio
689 1880 902 1936 diversa
928 1880 1028 1938 viae
1046 1878 1072 1938 Ρ
1093 1902 1226 1937 num
1252 1881 1451 1937 missus
1479 1882 1551 1936 ab
1579 1879 1746 1956 Argis

287 1964 594 2025 «subsidio
632 1963 875 2041 globus?
906 1986 978 2019 an
1011 1966 1232 2021 sceleris
1266 1965 1399 2019 data
1442 1967 1586 2020 sama
1623 1983 1729 2041 per

430 2051 603 2105 urbes

289 2157 317 2188 α
337 2130 672 2190 Finitimas'?
695 2150 979 2206 paucosne
997 2171 1013 2199 ,
1042 2144 1208 2205 pater
1230 2129 1478 2187 Gradive
1496 2172 1511 2201 ‚
1540 2152 1783 2190 manuve

286 2242 316 2271 α
336 2216 594 2292 Legimus
617 2213 954 2273 indecores?
981 2227 1036 2269 at
1064 2217 1215 2271 enim
1242 2214 1575 2271 fortissimus
1600 2215 1708 2273 illic

288 2326 318 2355 κ
338 2304 408 2357 Et
426 2299 703 2364 Chromis,
722 2311 777 2354 et
794 2298 1032 2373 Dorylas
1050 2340 1065 2368 ‚
1087 2311 1144 2353 et
1158 2297 1365 2353 nostris
1387 2298 1628 2354 turribus
1642 2301 1785 2375 aequi

289 2410 319 2439 α
340 2382 677 2460 Thespiadae
696 2395 845 2437 totos
863 2395 1129 2460 raperent
1151 2383 1291 2437 mihi
1317 2381 1570 2437 funditus
1595 2387 1782 2455 Argos.

287 2493 319 2524 κ
341 2470 462 2527 Nec
485 2481 674 2525 tamen
700 2467 788 2522 ille
811 2468 947 2521 meis
970 2487 1098 2523 reor
1123 2465 1563 2544 impenetrabilis
1583 2468 1747 2522 armis
1764 2511 1780 2538 ‚

281 2579 314 2611 α
335 2554 470 2630 AEre
493 2572 686 2629 gerens
704 2551 988 2626 solidoque
1005 2551 1170 2609 datos
1190 2552 1483 2610 adamante
1503 2549 1747 2608 lacertos
1763 2596 1778 2622 ,

282 2663 314 2695 α
333 2641 610 2702 Venerat.
640 2640 769 2694 Heu
791 2636 1011 2713 segnes!
1048 2657 1288 2714 quorum
1315 2637 1475 2693 labor
1508 2636 1684 2695 haeret
1720 2644 1780 2693 in

426 2744 568 2794 un0‚

283 2829 313 2860 <c
335 2806 389 2862 Si
414 2823 664 2865 conserta
689 2827 905 2864 manus.
929 2830 958 2858 »
988 2808 1167 2867 Vario
1189 2807 1266 2862 sic
1293 2804 1545 2880 turbidus
1567 2820 1703 2864 aestu

280 2890 525 2967 Angitur
541 2934 556 2962 ‚
579 2915 643 2950 ac
663 2914 784 2952 sese
805 2892 994 2968 culpat
1015 2913 1186 2969 super
1209 2892 1415 2961 omnia,
1438 2893 1665 2967 quinon

279 2976 548 3035 Orantem
573 2979 630 3033 in
649 2978 846 3036 mediis
869 2976 1119 3055 legattun
1148 2977 1380 3038 coetibus
1407 2997 1535 3036 ense

860 3109 889 3120 n·-
