2079 3613
595 285 630 341 3
722 284 1353 344 stvAnUM‚,L113.
1406 285 1459 331 1.
1629 276 1747 345 441
1807 282 1827 299 ·

220 380 227 385 ’
258 382 584 439 Facundum
619 380 915 459 suspendis
934 376 1117 436 ebur?
1136 383 1334 455 procul
1362 397 1491 434 ecce
1518 398 1724 435 canoro

188 501 207 522 .
255 469 584 544 Demigrant
607 467 870 537 Helicone
888 467 1044 533 Deae,
1072 464 1449 540 quatiuntque
1474 482 1696 520 novena

257 549 539 626 Lampade
560 551 885 617 solemnem,
907 547 1167 604 thalamis
1182 545 1532 615 coeuntibus,
1550 546 1759 622 ignem,

260 634 330 688 Et
357 634 429 690 de
456 635 648 691 Pieriis
666 634 919 692 vocalem
934 631 1195 690 >fontibus
1213 631 1440 688 undam.

256 722 409 789 Quas
429 719 580 774 inter
603 717 761 774 vultu
777 719 1044 793 petulans
1065 717 1291 792 Elegeia
1310 716 1686 793 propinquat,

258 799 477 858 Celsior
497 814 717 858 assueto
735 822 753 870 3
774 803 1058 877 Divasque
1081 801 1371 879 bortatur,
1401 814 1458 857 et
1479 800 1653 857 ambit

255 885 538 942 Alternum
553 888 773 943 factura
792 885 997 963 pedem
1021 912 1037 955 3
1064 885 1451 961 decimamque
1467 884 1652 943 videri

256 971 326 1024 Se
346 971 499 1046 cupit
517 1013 532 1039 ,
558 983 611 1026 et
636 968 851 1025 medias
872 969 1016 1027 fallit
1033 971 1317 1046 permixta
1339 990 1585 1026 sorores·

256 1055 389 1130 Ipsa
412 1074 579 1110 manu
598 1065 832 1128 nuptam
857 1055 1092 1129 genitrix
1110 1055 1305 1108 AEneia
1326 1053 1482 1109 ducit
1534 1054 1545 1067 ⁸

254 1137 496 1199 Lumine
517 1138 835 1206 demissam,
859 1151 917 1194 et
941 1137 1093 1194 dulci
1111 1138 1393 1215 probitate
1413 1137 1719 1194 rubentem.

253 1222 388 1296 Ipsa
406 1234 560 1279 toros
576 1234 633 1278 et
645 1232 804 1279 sacra
819 1236 986 1299 parat
1002 1240 1018 1293 ;
1051 1235 1313 1298 coetuque
1333 1223 1538 1278 Latino

228 1307 610 1367 -Dissimulata
629 1309 841 1380 Deam,
863 1309 1111 1380 crinem,
1135 1305 1465 1384 vultumque
1487 1347 1504 1377 ,

480 1413 803 1471 genasque,

250 1478 596 1554 Temperat,
619 1489 805 1552 atque
810 1497 952 1534 nova
978 1477 1147 1554 gestit
1174 1476 1361 1533 minor
1386 1476 1469 1532 ire
1497 1476 1717 1556 marita.

330 1564 519 1619 Nosco
536 1563 721 1632 diem,
743 1583 1049 1639 causasque
1073 1564 1248 1620 sacri.
1267 1576 1323 1619 te
1346 1553 1592 1619 concinit
1619 1563 1724 1620 iste

250 1646 477 1725 (Pande
487 1647 634 1703 fores
650 1646 696 1726 !)
717 1659 807 1717 te,
833 1646 1026 1717 Stella,
1053 1646 1296 1705 chorus:
1327 1645 1427 1702 tibi
1447 1647 1683 1705 Phoebus
1701 1660 1757 1704 et

475 1733 633 1789 Evan
646 1773 662 1799 ,

252 1820 324 1875 Et
350 1817 420 1874 de
440 1817 688 1874 Maenalia
707 1816 938 1875 volucer
962 1820 1302 1894 Tegeaticus
1326 1820 1524 1875 umbra

253 1904 414 1960 Serta
428 1903 640 1973 ferunt3
659 1923 763 1961 nec
788 1901 1022 1959 blandus
1042 1906 1222 1959 Amor
1238 1944 1254 1974 ,
1280 1924 1389 1961 nec
1414 1905 1607 1962 Gratia

478 2001 656 2048 cessat
808 2059 811 2060 7

254 2073 593 2149 Amplexum
613 2115 630 2144 ,
645 2073 842 2132 niveos
852 2087 1059 2151 optatoe
1081 2074 1332 2152 conjugis
1346 2087 1499 2130 artus

250 2157 501 2216 Floribus
520 2160 829 2218 innumeris
846 2204 874 2231 ‚‚
893 2173 949 2217 et
977 2161 1151 2218 olenti
1177 2180 1444 2237 spargere
1468 2157 1679 2217 nimbO.

253 2249 346 2299 Tu
367 2244 538 2302 modo
552 2245 737 2303 fronte
756 2266 906 2303 rosas
923 2289 939 2317 ,
967 2244 1128 2305 violis
1140 2246 1310 2302 modo
1332 2244 1445 2301 lilia
1467 2246 1645 2302 mixta

250 2331 476 2408 Excipis
489 2373 505 2400 ,
535 2345 590 2397 et
615 2331 855 2389 dominae
873 2333 1051 2390 niveis
1075 2355 1106 2390 a
1123 2331 1364 2391 vultibus
1382 2332 1588 2388 obstas·

326 2419 472 2489 Ergo
491 2415 612 2471 dies
629 2416 822 2472 aderat
840 2420 1144 2472 Parcarum
1157 2417 1418 2472 conditus
1444 2415 1571 2471 albo

248 2497 474 2554 Vellere
491 2539 507 2567 ,
531 2519 640 2573 quo
668 2500 846 2556 Stellae
861 2542 876 2569 ‚
899 2498 1347 2575 Violantillaeque
1364 2542 1377 2567 ,
1400 2499 1689 2575 professus

253 2580 608 2642 Clamaret‘ur
619 2582 845 2660 hymen.
872 2583 1094 2640 Cedant
1111 2604 1368 2659 curaeque
1385 2626 1400 2652 ,
1420 2597 1713 2660 metusque
1735 2602 1751 2653 ;

251 2670 488 2725 Cessent
513 2667 809 2724 mordaces
824 2667 1037 2743 obliqui
1053 2667 1483 2725 carminisastus
1507 2690 1521 2726 ε

249 2757 424 2812 Fama
444 2794 462 2824 ‚
486 2767 608 2811 tace
633 2772 647 2810 ε
676 2755 840 2812 subiit
856 2747 1012 2833 leges
1028 2795 1046 2825 ,
1076 2767 1129 2812 et
1154 2755 1313 2812 frena
1339 2754 1643 2812 momordit

250 2838 358 2897 Ille
379 2839 591 2898 solutus
615 2861 771 2899 amor
791 2861 805 2897 ε
823 2854 1155 2918 consumpta
1174 2853 1254 2897 est
1272 2840 1456 2904 fabula
1474 2839 1622 2918 vulgi
1636 2855 1670 2909 ,‘

254 2925 327 2979 Et
350 2939 574 2983 narrata
595 2926 689 2984 diu
714 2926 980 2984 viderunt
1003 2926 1192 2984 oscula
1208 2928 1378 2983 cives.
1502 2930 1517 2945 ⁶

257 3010 349 3065 Tu
370 3020 559 3069 tamen
570 3013 842 3071 attonitus
857 3056 877 3085 ,
896 3012 1156 3118 quamvis
1182 3011 1314 3068 data
1335 3010 1497 3092 copia
1512 3021 1677 3068 tantae
