2079 3613
408 287 523 367 399
681 289 1125 352 THEBAIDOS,
1176 290 1314 339 Lm.
1363 292 1418 338 1.
1701 304 1778 362 ¹7

263 387 625 465 Amphiarae
643 385 836 454 vides3
861 386 1073 441 etenim
1098 398 1253 441 vetat
1280 398 1475 442 auctor
1490 385 1710 463 Apollo,

262 476 525 532 Tantum
543 473 602 529 in
624 470 791 529 corde
818 471 1017 528 sedens
1043 462 1293 546 aegrescit
1317 490 1450 527 cura
1473 474 1745 546 parentis.

339 560 496 614 Ecce
511 570 706 613 autem
720 556 1008 633 antiquam
1023 556 1139 611 fato
1150 554 1456 631 Calydona
1466 554 1781 632 relinquens

262 641 507 699 Olenius
527 641 758 718 Tydeus
788 638 1065 718 (fraterni
1089 639 1372 715 sanguinis
1396 638 1555 697 illum

265 725 549 782 Conscius
572 725 780 782 horror
806 723 955 804 agit)
987 724 1182 782 eadem
1210 725 1312 780 sub
1335 737 1506 781 nocte
1532 742 1737 800 sopora

264 813 476 867 Lustra
514 812 650 867 terit
677 852 694 881 ‚
747 811 1065 886 similesque
1111 811 1291 866 Notos
1332 808 1629 889 dequestus
1668 821 1723 866 et

415 895 632 953 imbres
655 938 672 966 ‚
1423 920 1434 925 ·

266 983 523 1039 Insusam
550 995 715 1059 tergo
740 981 1005 1059 glaciem,
1044 993 1100 1036 et
1122 979 1387 1056 liquentia
1411 981 1615 1037 nimbis

270 1068 385 1125 Ora
405 1087 713 1143 comasque
733 1087 963 1142 gerens,
986 1065 1136 1121 subit
1156 1086 1269 1120 uno
1287 1064 1530 1140 tegmine
1544 1108 1561 1136 ,
1584 1067 1668 1142 cuj
1677 1086 1740 1122 us

268 1153 451 1209 Fusus
470 1151 645 1208 humo
669 1149 856 1227 gelida
874 1163 1093 1227 partem
1111 1150 1270 1226 prior
1283 1149 1490 1227 hospes
1505 1149 1772 1207 habebat.

267 1236 376 1291 Hic
398 1256 539 1292 vero
569 1234 844 1290 ambobus
864 1233 1078 1290 rabiem
1102 1235 1328 1291 fortuna
1354 1246 1644 1292 cruentam

264 1322 472 1379 Attulit
492 1344 513 1388 ς
537 1321 696 1379 haud
720 1321 873 1397 passi
901 1320 1069 1378 sociis
1094 1322 1390 1379 defendere
1415 1334 1640 1378 noctem

267 1405 635 1462 Culminibus.
663 1404 893 1462 Paulum
917 1407 1144 1463 alternis
1167 1405 1228 1460 in
1247 1406 1416 1463 verba
1441 1406 1735 1483 minasque

268 1493 662 1549 Cunctantur:
688 1511 819 1548 mox
843 1503 904 1549 ut
928 1492 1093 1566 jactis
1118 1492 1469 1555 sermonibus
1492 1492 1588 1548 irae

267 1578 597 1634 Intumuere
623 1579 755 1634 satis
772 1619 786 1646 ,
811 1589 930 1633 tum
955 1596 1093 1635 vero
1119 1590 1340 1633 erectus
1361 1589 1595 1653 uterque

267 1662 564 1719 Exsertare
581 1661 864 1732 humer05‚
883 1661 1204 1738 nudamque
1215 1659 1486 1719 lacessere
1499 1682 1768 1738 pugnam.

270 1747 481 1805 Celsior
505 1747 601 1805 ille
628 1748 814 1825 gradu
831 1767 1073 1825 procera
1098 1747 1155 1804 in
1179 1724 1431 1803 memffca
1446 1788 1462 1816 .,
1493 1746 1772 1825 simulque

271 1833 486 1911 Integer
513 1855 820 1901 annorum3
845 1833 941 1891 sed
963 1855 1081 1891 non
1108 1846 1166 1889 et
1188 1834 1398 1892 viribus
1423 1833 1564 1889 infra

272 1920 463 1995 Tydea
481 1922 594 1977 fert
610 1918 873 1987 animm,
899 1929 1159 1993 totosque
1180 1918 1360 1972 infusa
1378 1935 1483 1990 per
1505 1931 1659 1976 artus

266 2005 444 2080 Major
465 2004 526 2060 in
546 2003 760 2079 exiguo
788 2004 1060 2078 regnabat
1086 2002 1326 2075 corpore
1353 1997 1547 2057 virtus·

268 2090 390 2145 Jam
417 2089 651 2147 crebros
676 2087 821 2145 ictus
846 2107 944 2144 ora
969 2100 1026 2144 et
1056 2106 1193 2146 cava
1213 2097 1475 2163 'tempora
1504 2086 1717 2146 circum

271 2172 477 2229 Obnixi
497 2172 879 2252 ingeminant,
905 2171 1151 2229 telorum
1177 2185 1273 2228 aut
1291 2172 1581 2248 grandinis
1598 2172 1772 2230 instar

269 2258 541 2334 Rhipheae
560 2301 579 2329 ‚
608 2259 867 2334 flexoque
894 2279 1043 2334 genu
1066 2278 1242 2315 vacua
1266 2256 1359 2312 ilia
1385 2257 1647 2314 tundunt.

272 2343 321 2398 N
327 2362 395 2398 on
415 2343 579 2401 aliter
598 2363 770 2421 quam
790 2343 963 2405 Pisaeo
988 2362 1088 2399 sua
1111 2342 1284 2399 lustra
1309 2341 1552 2398 Tonanti

270 2429 404 2483 Cum
423 2428 683 2497 redeunt,
715 2428 1014 2504 crudisque
1037 2428 1220 2486 virum
1239 2425 1535 2482 sudoribus
1561 2425 1723 2481 ardet

274 2511 480 2584 Pulvis3
504 2528 561 2571 at
584 2514 722 2571 hinc
750 2527 973 2570 teneros
1000 2533 1183 2571 caveae
1202 2512 1482 2568 distensus
1501 2507 1770 2585 ephoebos

274 2598 557 2670 Concinit,
587 2598 934 2674 exclusaeque
963 2610 1269 2675 expectant
1292 2593 1520 2671 praemia
1538 2604 1764 2652 matreS.

268 2682 353 2740 Sic
379 2682 589 2742 alacres
614 2684 747 2742 odio
766 2727 782 2754 .,
819 2682 1085 2759 nullaque
1114 2681 1379 2756 cupidine
1405 2677 1587 2734 laudis

261 2769 500 2826 Accensi
519 2770 835 2827 incurrunt.
860 2770 1150 2825 Scrutatur
1170 2778 1225 2821 et
1250 2762 1443 2819 intima
1465 2761 1650 2820 vultus

262 2857 414 2929 Unca
431 2839 627 2910 manus
641 2895 657 2923 .‚
681 2854 1011 2930 penitusque
1027 2850 1208 2908 oculis
1219 2845 1551 2905 cedentibus
1570 2847 1761 2906 instat.

266 2943 466 3000 Forsan
489 2949 545 2993 et
568 2937 856 2997 accinctos
879 2936 1072 3005 lateri,
1103 2934 1182 2992 sic
1210 2934 1291 2989 ira
1318 2932 1560 3004 ferebat,

267 3028 310 3080 N
316 3022 575 3083 udassent
604 3041 768 3081 enses
782 3065 802 3093 ,
834 3021 1139 3099 meliusque
1155 3015 1454 3078 hostilibus
1473 3017 1638 3078 armis
