2079 3613
222 376 303 435 30
513 386 946 445 T111313A1n03,
1000 387 1145 432 Lm.
1207 386 1287 432 11.
1386 382 1457 437 26

294 477 426 536 Illos
452 492 512 536 ut
538 502 681 537 caeco
709 482 982 537 recubans
1017 480 1071 533 in
1104 479 1295 534 limine
1326 480 1493 536 sensit

222 567 527 634 Cerberu5‚
551 580 720 643 atque
740 585 934 629 omnes
964 564 1215 639 capitum
1236 564 1483 621 subrexit
1508 563 1692 621 hiatus
1709 606 1724 632 ,

217 656 401 710 Saevus
432 667 486 709 et
517 652 749 709 intranti
776 649 1023 726 populo;
1056 654 1166 726 jam
1200 651 1354 727 nigra
1384 649 1638 708 tumebat

217 736 377 793 Colla
405 739 623 803 minax;
650 737 761 808 jam
793 754 982 810 sparsa
1009 734 1128 791 solo
1158 734 1482 792 turbaverat
1504 751 1659 789 ossa:

215 823 284 877 Ni
312 829 461 878 Deus
492 820 821 879 horrentem
850 820 1079 877 Lethaeo
1108 821 1310 876 vimine
1339 820 1614 885 mulcenS,

216 910 430 963 Ferrea
458 905 763 980 tergemino
793 906 1097 963 domuisset
1122 908 1332 969 bunina
1360 925 1575 963 somno,

288 993 385 1044 Est
408 988 599 1059 locus,
631 992 877 1050 Inachiae
905 993 1168 1050 dixerunt
1190 997 1421 1048 Tamara
1449 1002 1673 1065 gentes»,

214 1080 339 1147 Qua
366 1074 729 1133 formidatum
760 1079 956 1135 Maleae
982 1077 1292 1155 spumantis
1319 1079 1376 1134 in
1406 1096 1568 1133 auras

216 1162 271 1214 It
301 1172 505 1236 caput,
534 1174 589 1217 et
617 1162 799 1219 nullos
831 1164 1070 1219 admittit
1100 1166 1344 1221 culmine
1373 1165 1543 1223 visus.

212 1245 594 1302 Starsublimis
608 1267 773 1321 apex,
790 1260 1123 1322 ventosque,
1144 1249 1470 1323 imbresque
1495 1268 1722 1304 serenus

213 1333 490 1408 Despicit,
522 1345 573 1387 et
596 1346 809 1387 tantum
834 1334 987 1389 fessis
1008 1333 1272 1389 insiditur
1298 1334 1478 1389 astris·

214 1416 333 1472 lllic
362 1417 615 1473 exhausti
643 1438 882 1493 posuere
910 1419 1112 1474 cubilia
1142 1420 1297 1476 venti
1321 1461 1337 1488 ,

212 1501 666 1580 Fulminibusque
698 1501 807 1559 iter
842 1516 957 1559 est:
995 1503 1244 1560 medium
1284 1524 1423 1563 cava
1461 1506 1650 1565 nubila

366 1602 574 1645 monus

211 1675 573 1749 Insumpsere
590 1674 736 1732 latus
758 1695 771 1730 :
799 1695 1043 1732 summos
1067 1696 1168 1734 nec
1189 1679 1458 1754 praepetis
1480 1678 1579 1734 alae

209 1760 437 1818 Plausus
461 1759 576 1816 adit
600 1761 796 1833 colles,
822 1783 925 1821 nec
947 1785 1116 1821 rauca
1136 1765 1382 1822 tonitrua
1407 1765 1646 1844 pulsant.
1668 1785 1673 1790 ·

212 1851 306 1903 Ast
332 1846 430 1903 ubi
454 1869 635 1925 prona
656 1849 774 1907 dies
794 1851 990 1929 longos
1010 1874 1180 1927 super
1204 1873 1426 1931 aequora
1453 1853 1598 1910 fines

210 1936 414 2011 Exigit,
430 1950 597 2014 atque
615 1937 813 2017 ingens
826 1941 1015 1998 medio
1026 1955 1185 1999 natat
1200 1942 1397 1998 umbra
1412 1941 1720 2017 profundo.

212 2023 490 2079 Interiore
511 2025 635 2080 sinu
655 2027 968 2101 frangentia
992 2026 1186 2081 littora
1210 2038 1403 2081 curvat

210 2108 509 2180 Taenarus,
535 2112 815 2186 expositos
840 2130 952 2164 non
984 2109 1166 2165 audax
1196 2109 1469 2166 scandere
1499 2109 1717 2166 fluctus·

208 2191 335 2249 Illic
362 2195 549 2273 AEgaeo
576 2197 870 2271 Neptunus
898 2194 1115 2269 gurgite
1147 2195 1323 2250 fessos

208 2281 278 2334 In
308 2294 537 2355 portum
567 2279 793 2334 deducit
825 2297 1031 2351 equos:
1059 2278 1217 2352 prior
1244 2278 1432 2334 haurit
1463 2299 1664 2335 arenas

210 2365 466 2440 Ungula,
500 2363 769 2439 postremi
803 2366 1101 2420 solvuntur
1133 2363 1191 2418 in
1216 2384 1437 2438 aequora
1469 2363 1673 2438 pisces.

283 2457 437 2522 Hoc,
466 2468 529 2509 ut
559 2455 706 2507 sama
726 2494 741 2522 ,
774 2451 900 2508 loco
933 2455 1203 2531 pallentes
1226 2456 1421 2514 devius
1449 2457 1675 2514 umbras

210 2541 442 2594 Trames
471 2538 585 2613 agit
603 2579 616 2604 ‚
642 2536 891 2614 nigrique
917 2543 953 2597 J
957 2538 1073 2597 ovis
1104 2562 1281 2600 vacua
1306 2543 1447 2601 atria
1478 2545 1621 2602 ditat

208 2624 523 2689 Mortibus;
554 2622 772 2680 Arcadii
804 2624 1106 2701 perhibent
1136 2628 1180 2686 si
1211 2650 1346 2687 vera
1379 2628 1604 2700 coloni,

211 2709 431 2765 Stridor
452 2709 552 2777 ibi,
572 2723 628 2766 et
642 2710 875 2788 gemitus
894 2734 1200 2790 poenarum,
1220 2729 1452 2793 atroque
1476 2717 1715 2775 tumultu

208 2796 420 2851 Fervet
464 2817 614 2872 ager.
654 2799 811 2875 Saepe
856 2801 1229 2858 Eumenidum
1267 2822 1548 2880 vocesque

360 2901 663 2958 manusque
682 2926 698 2954 ,

207 2969 269 3021 ln
295 2967 539 3023 medium
565 2991 792 3027 sonuere
818 2969 998 3044 diem;
1020 2972 1232 3050 letique
1260 2973 1533 3029 triformis

207 3051 432 3109 Janitor
460 3053 729 3134 agricolas
758 3057 968 3136 campis
999 3060 1223 3114 auditus
1251 3058 1452 3135 abegit.

209 3138 330 3196 Hac
357 3153 412 3197 ct
434 3151 566 3199 tunc
587 3145 742 3202 fusca
769 3143 996 3201 volucer
1014 3147 1169 3201 Deus
1195 3144 1406 3199 obsitus
1431 3143 1624 3199 umbra
