2079 3613
430 291 598 365 432⁶,
676 260 1123 368 ΤΗΕΒΑἷηοε,
1175 308 1314 357 ms.
1366 311 1472 382 1x‚
1616 307 1741 370 263

310 387 542 452 Dixerat
563 410 575 443 ε
604 404 773 466 atque
799 392 878 448 illi
904 414 1025 452 sese
1046 399 1198 456 Deus
1224 402 1427 460 obtulit
1451 407 1597 465 ultro

236 471 521 534 Turbidus
543 476 722 533 imbre
756 499 956 554 genas,
987 496 1043 540 et
1071 486 1219 543 nube
1251 493 1491 550 natantis
1525 516 1738 569 arenae;

233 559 354 615 Nec
379 560 531 632 saevit
558 561 723 618 dictis
740 606 755 631 ‚
788 577 979 626 trunca
1000 569 1102 625 sed
1127 588 1360 647 pectora
1389 597 1600 653 quercu

232 644 374 716 Ter,
404 659 629 721 quater,
664 651 939 726 oppositi,
963 670 1239 730 quantum
1265 661 1373 731 ira,
1400 652 1670 743 Deu'sque

315 719 320 726 ¹
458 732 752 805 valebant,

229 815 450 890 Impulit
471 838 777 893 assurgens.
806 822 1063 881 Tandem
1088 829 1320 905 vestigia
1346 832 1527 903 flexit,

226 899 641 977 Excussamque
666 925 836 961 manu
859 921 1087 984 tegmen
1106 954 1121 981 ‚
1162 934 1551 995 conversaque
1580 921 1732 983 lente

228 983 410 1057 Terga
427 986 618 1040 refert.
649 988 867 1043 Instant
892 995 1089 1063 undae,
1114 999 1474 1075 sequiturque

359 1077 360 1080 ’
451 1066 734 1124 labantem
1366 1137 1371 1144 ,Α

226 1147 412 1202 Amnis
435 1168 608 1206 ovans
629 1177 642 1218 ;
672 1144 776 1211 nec
799 1176 911 1211 non
936 1160 1114 1226 saxis,
1145 1161 1201 1217 et
1224 1166 1496 1238 grandine
1525 1173 1658 1235 ferri⁴

222 1229 481 1308 Desuper
503 1234 766 1294 infestant
791 1241 983 1317 Tyrii,
1010 1246 1345 1325 geminoque
1369 1254 1651 1330 repellunt

220 1317 462 1393 Aggere.
497 1315 647 1394 Quid
666 1327 837 1382 faciat
863 1328 1020 1387 bellis
1042 1335 1299 1393 obsessus
1339 1354 1395 1396 et
1420 1344 1632 1405 undis?

217 1400 333 1456 Nec
360 1402 489 1481 fuga
510 1408 624 1482 jam
650 1411 853 1468 misero
871 1456 886 1485 ,
914 1436 1022 1473 nec
1042 1440 1261 1497 ,magnae
1280 1426 1441 1501 copia
1469 1431 1680 1488 mortiS.

215 1529 222 1536 .
289 1485 476 1563 §tabat
495 1495 791 1568 gramineae
817 1500 1096 1573 producta
1121 1508 1413 1582 crepidine
1439 1512 1575 1589 ripae

211 1569 508 1641 Undarum
529 1597 595 1633 ac
623 1592 781 1638 terrae
805 1584 980 1640 dubio
997 1629 1011 1654 ‚
1043 1590 1144 1645 sed
1171 1593 1400 1650 amicior
1417 1600 1582 1655 undis

212 1654 478 1711 Fraxinus
494 1702 508 1727 ‚
532 1661 860 1741 ingentique
879 1669 1085 1725 vadum
1108 1676 1446 1749 possederat
1461 1684 1674 1760 umbra.

210 1736 391 1809 Hujus
419 1739 588 1815 opem
609 1754 768 1810 (nam
797 1772 908 1825 qua
937 1766 1114 1823 terras
1138 1758 1501 1844 invaderet?)
1531 1791 1678 1828 unca

208 1820 472 1895 Arripuit
495 1822 692 1882 dextra
709 1870 722 1895 ‚
754 1851 863 1887 nec
888 1837 1127 1908 pertulit
1149 1839 1242 1895 illa
1265 1845 1579 1906 trahentem
1601 1873 1616 1921 ;

205 1903 316 1959 Sed
340 1907 553 1980 majore
580 1930 749 1988 supra
768 1956 784 1984 ,
815 1937 988 1991 quam
1013 1921 1196 1979 stabat
1220 1928 1476 2002 pondere
1506 1934 1654 1992 victa

205 1989 480 2064 Solvitur,
509 2008 693 2073 etqua
719 2013 910 2077 stagna
936 2005 1087 2063 subit
1108 2009 1326 2081 radice,
1357 2015 1672 2096 quibusque

202 2073 477 2133 Arentem
497 2082 794 2140 mordebat
820 2086 1050 2145 humum
1072 2135 1088 2161 ‚
1117 2095 1358 2153 demissa
1384 2119 1626 2178 superne

201 2157 405 2231 Injecit
432 2166 654 2240 trepido
680 2186 823 2239 sese,
852 2171 1181 2253 ripamque,
1203 2200 1308 2236 nec
1331 2183 1474 2242 ultra

195 2245 488 2305 Passurum
514 2253 708 2312 subitae
739 2257 972 2318 vallavit
994 2279 1169 2339 ponte
1195 2256 1390 2328 ruinae.
1424 2270 1428 2274 Δ

198 2327 326 2383 Huc
350 2336 514 2391 undae
539 2346 776 2411 coeunt,
797 2357 855 2398 et
874 2343 1233 2407 ineluctabile
1258 2374 1487 2416 coenum
1556 2356 1567 2363 ⁹

197 2415 633 2496 Vorticibusque
656 2424 806 2495 cavis
823 2429 1000 2502 sedit,
1026 2437 1344 2515 crescitque

424 2501 768 2565 barathrum.

196 2581 437 2658 Jamque
451 2572 741 2662 (mmmm,
766 2595 881 2669 jam
906 2599 1047 2656 colla
1072 2602 1228 2661 ducis
1244 2609 1463 2671 sinuosa
1488 2639 1697 2699 ‚vorago

195 2663 434 2723 Circuit.
461 2671 571 2728 Hic
598 2673 823 2735 demum
848 2681 1028 2740 victus
1051 2706 1312 2765 suprema
1335 2699 1504 2759 fat-eri

196 2747 480 2810 Exclamat
511 2779 524 2812 ε
553 2783 580 2810 κ
603 2761 874 2823 Fluvione
903 2772 1182 2855 (pudet.')
1212 2781 1362 2853 Mars

417 2836 631 2918 inclyte
657 2868 873 2927 merges

200 2939 231 2971 «
250 2919 408 2993 Hane
434 2925 714 3001 animam}>
735 2927 1049 3018 segnesque
1073 2944 1228 3007 lacus
1243 2991 1260 3022 ,
1290 2966 1347 3009 et
1368 2967 1564 3034 stagna
1588 3002 1589 3005 η

420 3009 647 3086 subibo,
997 3018 1010 3036 ι
