2079 3613
291 335 418 409 504
554 342 998 409 sYLvARUM,
1053 341 1193 395 me,
1245 339 1362 393 111.
1469 339 1568 400 125

285 446 392 500 Hic
414 456 580 520 pater
605 440 854 520 ipseloci
872 484 889 514 ,
931 441 1131 519 positis
1160 440 1496 517 Tirynthius
1522 438 1719 507 armIS,

288 530 553 602 Insudat‚
580 529 880 604 validaque
909 527 1089 583 solum
1114 524 1361 582 deforme
1386 524 1618 603 bipenni
1636 552 1660 594 ς

287 619 430 672 Cum
458 636 624 691 grave
652 628 921 669 nocturna
945 612 1142 668 coelum
1166 610 1483 667 subtexitur
1500 612 1695 666 umbra
1723 647 1744 677 ‚

285 703 413 776 Ipse
437 702 600 757 fodit.
622 701 779 756 Dites
799 699 1028 773 Capreae
1051 738 1067 766 ‚
1083 695 1407 771 viridesque
1428 695 1702 750 resultant

284 784 622 840 Taurubulae
646 805 723 862 ,qe
747 783 907 838 terris
932 781 1129 856 ingens
1153 781 1306 837 redit
1330 780 1567 855 aequoris
1594 776 1758 833 echo·

262 869 416 924 ‘Non
439 882 559 933 tam
574 869 785 942 grande
806 880 964 923 sonat
984 866 1152 921 motis
1172 864 1469 921 incudibus
1487 864 1651 921 AEtna
1677 904 1695 934 ,

282 955 427 1010 Cum
452 957 687 1009 Brontes
712 955 1089 1029 Steropesque
1112 951 1242 1008 serit
1266 970 1279 1005 :
1305 969 1410 1006 nec
1431 951 1607 1025 major
1623 948 1695 1004 ab

502 1053 678 1094 antris

277 1125 594 1181 Lemniacis
607 1126 794 1199 fragor
814 1112 928 1192 est',
955 1123 1055 1180 ubi
1073 1124 1360 1178 flammeus
1378 1119 1552 1199 aegida
1581 1119 1739 1176 caelat

278 1209 554 1266 Mulciber
571 1251 586 1279 ,
619 1221 674 1264 et
693 1209 857 1265 castis
876 1222 1112 1264 exornat
1137 1206 1361 1262 Pallada
1388 1205 1566 1262 donis·

280 1295 633 1351 Decrescunt
661 1293 914 1370 scopuli,
944 1305 998 1349 et
1028 1312 1190 1348 rosea
1218 1292 1319 1349 sub
1348 1291 1475 1347 luce
1500 1291 1710 1347 reversi

276 1378 526 1434 Artifices
543 1378 814 1433 mirantur
836 1397 993 1454 opus.
1014 1376 1129 1434 Vix
1154 1396 1335 1432 annus
1363 1375 1589 1432 anhelat

282 1461 448 1517 Alter
466 1504 483 1534 ,
507 1476 560 1518 et
585 1462 800 1536 ingenti
826 1461 982 1517 dives
1001 1461 1331 1538 Tirynthius
1348 1481 1473 1517 arce

223 1618 227 1624 ⁵
275 1555 581 1625 Despectat
602 1549 800 1604 fluctus
818 1589 835 1617 .,
868 1558 921 1623 et
946 1548 1155 1621 junctae
1177 1561 1325 1604 tecta
1347 1567 1602 1604 novercae

274 1634 582 1703 Provocat,
609 1645 665 1689 et
690 1632 870 1708 dignis
886 1631 1087 1689 invitat
1103 1632 1325 1688 Pallada
1342 1632 1583 1709 templis·

272 1718 311 1773 J
314 1731 401 1772 am
423 1717 658 1792 placidae
686 1716 822 1774 dant
850 1717 1004 1793 signa
1031 1717 1207 1788 tubae,
1236 1718 1347 1792 jam
1375 1715 1692 1775 insontibus
1773 1716 1776 1717 ⁷

498 1802 702 1861 ardens
738 1845 753 1856 ι
1057 1855 1078 1874 ,

271 1892 475 1947 Fumat
494 1911 663 1946 arena
685 1892 855 1945 sacris
875 1888 1007 1946 :hos
1026 1909 1135 1946 nec
1154 1890 1355 1947 Pisaeus
1371 1890 1621 1947 honores

258 1976 538 2054 ‚Juppiter
552 2020 570 2045 ,
595 1988 691 2032 aut
714 1974 951 2052 Cyrrhae
974 1987 1139 2053 pater
1165 1988 1502 2052 aspernetur
1526 1976 1745 2051 opacae?

270 2062 367 2119 Nil
387 2062 472 2118 his
498 2062 653 2119 triste
672 2060 828 2118 locis·
847 2063 1030 2118 Cedat
1045 2060 1429 2139 lacrymabilis
1450 2060 1691 2118 Isthmos
1706 2100 1723 2130 ‚

271 2149 454 2205 Cedat
482 2162 642 2204 atrox
664 2149 875 2205 Nemee
903 2170 915 2202 ε
943 2149 1066 2204 litat
1084 2148 1180 2205 hic
1200 2148 1419 2205 felicior
1441 2149 1638 2204 infans·

264 2238 412 2311 Ipsae
435 2234 704 2310 pumiceis
729 2234 938 2293 virides
965 2234 1241 2293 Nereides
1259 2233 1429 2291 antris

266 2318 545 2375 Exsiliunt
565 2318 712 2376 ultro
729 2363 743 2388 ‚
766 2333 821 2375 et
841 2319 1085 2394 scopulis
1104 2320 1405 2376 uventibus
1424 2318 1636 2374 haerent
1657 2335 1675 2387 ;

265 2405 319 2460 N
325 2424 390 2461 ec
415 2403 592 2480 pudet
613 2406 832 2462 occulte
858 2403 1042 2460 nudas
1061 2417 1322 2481 spectare
1342 2404 1640 2481 palaestraS.

264 2490 493 2565 Spectat
517 2503 571 2546 et
601 2491 784 2546 Icario
811 2509 1143 2545 nemorosus
1162 2489 1393 2565 palmite
1413 2492 1637 2546 Gaurus
1654 2531 1671 2557 ‚

263 2577 545 2652 Sylvaque
564 2618 580 2646 ,
601 2597 723 2652 quae
741 2575 982 2630 cinctam
1003 2575 1208 2650 pelago
1230 2574 1437 2631 Nesida
1451 2595 1454 2596 ⁷
1470 2589 1698 2631 coronat
1709 2597 1730 2645 3

263 2665 331 2717 Et
351 2661 600 2736 placidus
621 2661 818 2717 Limon
833 2704 850 2727 ,
868 2651 1153 2736 ‘omenque
1171 2662 1400 2736 Euploea
1418 2660 1621 2717 carinis
1637 2704 1654 2732 ‚

261 2748 332 2802 Et
362 2746 598 2803 Lucrina
618 2748 814 2802 Venus
833 2765 846 2816 ;
872 2744 1229 2821 Phrygioque
1249 2767 1279 2802 e
1297 2747 1510 2804 vertice
1525 2748 1729 2816 Graias

261 2829 546 2885 Adsciscis
563 2870 579 2898 ‚
598 2829 808 2885 Miseno
825 2871 841 2901 ‚
867 2828 1029 2885 tubas
1049 2849 1064 2901 ;
1087 2830 1349 2907 ridetque
1374 2832 1620 2907 benigna

257 2915 615 2991 Parthenope
643 2916 848 2992 gentile
873 2936 1121 2985 sacrum,
1148 2917 1443 2994 nudosque
1465 2918 1714 2975 virorum

261 3003 552 3071 Certatus,
575 3015 629 3056 et
643 3023 820 3076 parva
851 3020 960 3057 suae
981 3001 1274 3059 simulacra
1295 3023 1533 3059 coronae.

328 3087 480 3157 Quin
494 3106 616 3159 age,
634 3099 687 3141 et
703 3087 825 3162 ipse
839 3086 1018 3143 libens
1027 3088 1246 3163 proprii
1264 3087 1587 3145 certaminis
1604 3100 1763 3145 actus
