2079 3613
481 328 584 387 125
667 327 678 350 ·‘
711 329 1153 398 frnssmmoffi
1204 328 1343 389 ΗΒ.
1394 327 1474 379 X.
1616 319 1738 390 285

254 428 415 484 Tunc
440 427 521 484 sic
547 447 669 483 orsa
692 416 851 501 loqui
872 446 883 479 :
912 449 940 476 α
960 423 1288 480 Nimborum
1304 420 1460 478 fulva

465 526 703 570 creatrix

257 622 287 652 α
308 598 569 656 Sidonios
591 611 646 654 te
672 601 701 652 J
707 614 815 654 uno
838 593 1039 670 duces,
1065 590 1350 649 mitissime
1372 587 1581 643 Divum

258 709 287 737 κ
309 686 509 748 Somne
530 725 548 754 ,
568 683 729 760 jubet
746 722 764 752 ‚
785 680 1175 759 populumque
1206 674 1375 732 trucis
1399 672 1642 750 defigere
1686 725 1691 730 ,

270 838 273 841 ,
478 768 678 828 Cadmi
702 808 720 837 ,
956 837 962 843 .
1532 808 1537 820 ε

256 879 287 908 ι(
306 857 416 929 Qui
442 875 593 912 nunc
610 867 825 909 eventu
850 850 983 906 belli
1020 849 1359 907 tumefactus
1375 887 1394 916 ,
1424 843 1698 920 Achaeum

258 964 287 993 (t
308 942 548 1015 Pervigil
568 951 812 994 asservat
833 936 1039 1005 yallum
1058 976 1075 1004 ‚
1104 947 1161 990 et
1183 947 1275 990 tua
1295 935 1441 1007 jussa
1461 940 1698 987 recusat.
1756 1001 1764 1008 Δ

258 1051 287 1079 «
309 1028 394 1081 Da
413 1023 680 1101 precibus
702 1022 869 1075 tantis
885 1060 906 1089 ‚
934 1029 1094 1090 (rara
1121 1030 1205 1073 est
1228 1016 1338 1071 hoc
1357 1034 1518 1091 posse
1604 1065 1613 1074 .

482 1097 720 1172 facultas
743 1109 757 1157 1
778 1106 804 1175 )

177 1201 184 1210 “
264 1217 293 1245 κ
313 1191 774 1265 PlacatumqueJ
778 1207 960 1262 ovem,
984 1185 1181 1258 dextra
1204 1188 1242 1242 J
1246 1204 1449 1252 unone,
1472 1202 1703 1252 merere.
1725 1205 1757 1235 »

333 1276 517 1344 Dixit,
547 1288 610 1348 et,
623 1274 958 1352 increpitans
982 1270 1307 1349 languentia
1330 1282 1560 1348 pectora

401 1419 402 1422 ,
483 1362 684 1419 dextra
700 1403 717 1432 ‚

257 1464 336 1516 Ne
361 1472 593 1537 pereant
610 1479 774 1516 voces
792 1497 816 1530 ‚
841 1450 1165 1534 iterumque
1185 1443 1503 1528 iterumque
1542 1507 1547 1512 .

478 1547 758 1606 ιηοηθὴᾶί,
827 1587 830 1592 -

261 1644 363 1703 Ille
387 1647 519 1701 Deae
543 1644 703 1719 jussis
720 1686 736 1712 ‚
760 1643 965 1699 dubius
982 1642 1299 1710 mixtusque
1326 1632 1512 1708 sopori
1530 1651 1556 1703 ,2

260 1728 498 1785 Annuit.
528 1728 763 1783 Excedit
788 1728 1010 1801 gravior
1031 1717 1378 1795 nigrantibus
1404 1717 1578 1774 antris

262 1814 371 1869 Iris
390 1856 405 1882 ,
435 1826 490 1867 et
517 1813 778 1868 obtusum
803 1812 978 1865 multo
996 1806 1158 1880 jubar
1177 1802 1384 1858 excit-at
1406 1801 1589 1856 imbri.

259 1899 390 1973 Ipse
420 1915 643 1972 quoque
671 1906 724 1950 et
751 1891 1031 1951 volucrem
1057 1905 1333 1963 gressum,
1357 1896 1412 1939 et
1436 1897 1673 1940 ventosa

484 1992 675 2036 citavit

338 2079 617 2150 Tempora
641 2099 657 2140 ς
692 2083 747 2128 et
778 2069 1000 2127 obscuri
1023 2067 1300 2141 sinuatam
1327 2063 1534 2140 frigore
1553 2065 1676 2121 coeli

263 2159 527 2237 Implevit
551 2157 924 2235 Chlamydem
940 2196 956 2226 ‚
981 2152 1267 2228 tacitoque
1294 2171 1396 2227 per
1414 2147 1616 2206 aethera

472 2265 635 2302 cursu

266 2346 498 2413 Fertur,
525 2355 579 2399 et
608 2341 792 2397 Aoniis
815 2339 979 2415 longe
1000 2336 1182 2414 gravis
1202 2333 1455 2391 imminet
1475 2332 1639 2390 arvis.

264 2427 424 2484 Illius
451 2447 583 2481 aura
613 2426 729 2479 solo
751 2424 1011 2480 ‘volucres
1030 2463 1044 2486 ‚
1072 2417 1433 2494 pecudesque
1459 2457 1478 2486 ,
1509 2417 1764 2492 ferasque

266 2511 555 2585 Explicat,
580 2521 633 2562 et
652 2507 876 2583 penitus
902 2519 1294 2578 quamcunque
1312 2499 1640 2576 supervolat

491 2591 714 2657 urbem,
1042 2608 1046 2613 ·

268 2690 560 2767 Languida
588 2687 661 2742 de
687 2683 931 2761 scopulis
957 2681 1145 2738 sidunt
1170 2681 1328 2734 freta.
1357 2676 1568 2753 Pigrius

492 2776 706 2831 haerent
905 2840 908 2843 Ι

271 2874 472 2932 Nubila
496 2896 507 2929 z
539 2871 841 2928 demittunt
869 2881 1118 2926 extrema
1145 2861 1432 2919 cacumina
1461 2859 1661 2934 sylvae3

274 2961 547 3035 Pluraque
572 2960 759 3016 laxato
785 2954 1108 3012 ceciderunt
1137 2948 1319 3007 sidera
1342 2944 1502 3003 coelo,

346 3043 556 3102 Primus
580 3044 773 3102 adesse
799 3044 985 3100 Deum
1008 3038 1192 3098 subita
1221 3031 1450 3112 caligine
1469 3030 1640 3089 sensit
1703 3108 1709 3113 .
