2079 3613
423 302 534 361 352
670 304 1106 368 THEBMDOS,
1158 306 1302 356 Lm.
1355 308 1465 357 111.
1697 303 1779 384 69

288 426 317 454 α
337 404 691 459 Sauromatas
717 402 914 460 avidos
933 445 949 473 .,
978 414 1428 478 servatoremque
1459 417 1745 463 cruentum
1797 465 1802 470 ,

287 511 314 538 ιι
337 488 601 564 Bebrycii
627 489 888 545 nemoris,
919 490 1041 545 Nec
1065 491 1213 563 jussa
1237 489 1435 545 incuso
1454 530 1470 559 ‚
1497 490 1718 566 pigetve

287 596 316 623 t<
339 572 543 629 Officii.
567 577 744 631 Juvat
764 572 869 630 isse
885 615 898 641 ‚
933 575 1091 647 juvat
1107 615 1123 643 ‚
1154 572 1489 650 Thebasque
1516 588 1783 634 nocentes

285 680 312 709 α
336 658 676 735 Explorasse
694 680 883 715 manu.
913 660 1074 715 Bello
1088 680 1178 715 me
1196 701 1212 728 ‚
1243 660 1454 717 credite
1469 702 1487 727 ‚
1507 656 1654 715 bello
1668 701 1683 727 ‚

286 765 313 792 «
336 743 457 799 Ceu
496 745 699 804 turrim
738 743 1015 816 validam,
1046 757 1143 810 aut
1177 757 1391 801 arc—tam
1421 743 1784 821 compagibus

424 838 621 916 urbem
639 880 656 908 ,

280 945 308 973 «
331 921 551 979 Delecti
576 923 794 980 insidiis
817 921 1194 997 instructique
1223 921 1481 980 omnibus
1506 922 1673 980 armis

281 1029 311 1057 ιι
324 1010 504 1064 Nocte
518 1008 759 1082 doloque
774 1006 897 1074 viri,
911 1008 1144 1076 nudum,
1155 1006 1515 1082 ignarumque
1530 1007 1786 1065 locorum

277 1115 311 1140 α
327 1092 726 1167 Nequidquam
744 1091 1018 1146 clausere.
1038 1091 1076 1145 J
1079 1102 1239 1145 acent
1258 1091 1320 1145 in
1339 1093 1606 1164 sanguine
1625 1092 1786 1149 mixti

277 1199 308 1227 α
335 1183 483 1232 Ante
508 1178 707 1234 urbem
732 1167 985 1233 vacuam}
1019 1176 1071 1232 N
1076 1195 1186 1232 unc
1212 1195 1246 1231 o
1264 1216 1281 1245 ‚
1310 1195 1459 1232 nunc
1485 1188 1704 1252 tempus
1727 1177 1787 1234 in

426 1262 619 1320 hostes
636 1308 654 1332 ,

276 1370 309 1402 α
330 1350 482 1404 Dum
508 1348 751 1425 trepidi,
777 1366 1193 1423 exsanguesque
1213 1359 1369 1403 metu
1386 1389 1402 1417 ‚
1426 1348 1563 1404 dum
1585 1347 1786 1403 funera

420 1449 654 1511 portant
674 1456 688 1491 z

282 1546 313 1571 «
331 1523 480 1578 Dum
507 1523 711 1600 capulo
740 1521 991 1579 nondum
1019 1540 1220 1578 manus
1247 1509 1456 1578 excidit
1478 1561 1494 1590 ‚
1520 1518 1641 1597 ipse
1678 1538 1781 1595 ego

420 1607 605 1664 fessus

281 1716 309 1744 α
335 1692 754 1770 Quinquaginta
780 1693 888 1754 iuis
909 1694 1146 1750 heroum
1172 1691 1507 1748 immanibus
1525 1687 1739 1746 umbris
1761 1730 1779 1760 ,

278 1802 309 1832 ιε
329 1778 694 1855 Vulneraque
714 1782 816 1836 ista
839 1782 1028 1837 serens
1045 1778 1202 1856 putri
1228 1779 1490 1835 insiccata
1514 1798 1709 1836 cru01e

278 1885 310 1913 «
331 1863 586 1919 Protinus
611 1866 691 1919 ire
718 1880 871 1938 peto,
890 1890 919 1917 n
942 1865 1181 1938 Trepidi
1205 1868 1276 1921 de
1306 1866 1535 1920 sedibus
1561 1865 1784 1921 adstant

273 1948 559 2005 Inachidae
583 1972 595 2004 :
629 1949 956 2025 cunctisque
980 1950 1139 2025 prior
1165 1949 1465 2005 Cadmeius
1484 1948 1653 2003 heros

271 2034 536 2093 Accurrit
560 2036 777 2093 vultum
801 2039 1053 2113 dejectus
1077 2056 1088 2091 :
1122 2061 1150 2089 «
1176 2037 1247 2091 Et
1268 2034 1340 2090 en
1362 2054 1465 2109 ego
1491 2034 1649 2091 Divis

273 2145 309 2171 α
326 2121 548 2180 Invisus
566 2167 581 2193 ,
611 2123 851 2200 vitaequc
877 2143 1089 2181 nocens
1107 2164 1123 2192 .,
1152 2121 1271 2179 haec
1297 2119 1528 2177 vulnera
1557 2140 1731 2178 cerno

273 2222 312 2258 ω
325 2207 591 2283 Integer?
606 2209 780 2265 hosne
796 2208 929 2264 mihi
948 2209 1183 2276 redituS‚
1203 2226 1489 2283 germane,
1506 2207 1778 2283 parabas?

267 2314 298 2342 <c
320 2292 390 2345 In
409 2311 497 2347 me
518 2291 637 2348 haec
657 2292 768 2348 tela
790 2294 965 2350 dabas
983 2291 1010 2349 ἐ’
1026 2313 1132 2365 pro
1157 2294 1287 2350 vitae
1306 2293 1456 2349 foeda
1477 2292 1712 2367 cupido!

270 2398 301 2427 κ
322 2377 530 2433 Infelix
549 2420 563 2447 ,
590 2378 750 2434 fratri
776 2380 993 2434 facinus
1010 2392 1125 2434 tam
1154 2377 1366 2453 grande
1385 2378 1610 2453 negavi.

265 2485 295 2512 «
323 2465 393 2514 Et
411 2483 562 2517 nunc
589 2476 774 2521 vestra
796 2464 1022 2538 quidem
1046 2473 1310 2518 maneant
1339 2463 1397 2516 in
1416 2482 1558 2538 pace
1576 2481 1776 2520 serena

267 2570 295 2598 α
322 2543 527 2602 Moenia
544 2588 559 2614 ‚
586 2567 689 2601 nec
718 2549 878 2603 vobis
903 2549 1044 2603 tanti
1070 2549 1170 2604 sim
1201 2568 1365 2604 causa
1393 2548 1664 2602 tumultus

265 2655 294 2685 ι(
320 2633 542 2707 Hospes
572 2629 935 2701 adhuc.,Scio
956 2674 970 2699 ‚
1006 2652 1111 2685 nec
1148 2652 1237 2704 me
1280 2632 1417 2686 adeo
1451 2649 1541 2685 res
1576 2630 1772 2686 dextra

413 2716 624 2774 levavit
649 2761 665 2785 ‚

269 2827 301 2853 α
319 2808 501 2877 Quam
519 2802 725 2859 durum
747 2800 912 2872 nati5‚
930 2799 1179 2857 thalamo
1193 2820 1360 2876 quam
1379 2800 1536 2855 triste
1552 2798 1765 2871 revelli,

273 2915 304 2940 «ι
322 2895 503 2962 Quam
515 2889 717 2966 patria.
741 2889 867 2943 Non
883 2908 971 2942 mc
989 2885 1156 2942 ullius
1171 2884 1369 2941 domus
1385 2885 1545 2940 anxia
1562 2884 1770 2961 culpet,

271 2996 302 3026 «
324 2976 776 3053 Respectentque
798 2987 986 3031 truces
1007 2971 1241 3049 obliquo
1262 2970 1472 3027 lumine
1495 2984 1717 3028 matres.

269 3082 299 3113 α
323 3060 426 3119 Ibo
443 3061 619 3123 libens
642 3074 941 3138 certusque
964 3058 1107 3117 mori
1126 3081 1137 3115 ;
1155 3058 1291 3116 licet
1310 3058 1521 3136 optima
1541 3058 1763 3132 conjux,
