2079 3613
294 242 374 301 66
607 244 1042 310 THEBAIDOS‚
1094 247 1237 295 LIB.
1289 249 1404 295 111·.
1503 264 1611 323 270

295 369 323 397 t<
346 350 463 420 lpse
486 354 680 420 param,
712 346 977 420 ferroque
1009 355 1133 400 tuos
1160 344 1388 401 abolere
1408 344 1686 421 nepotes?
1723 377 1724 382 =

295 454 322 481 «
345 431 464 485 Nec
488 448 656 504 genus
681 430 1049 496 HarmioneS‚
1080 449 1186 485 nec
1212 442 1268 485 te
1297 429 1578 485 connubia
1597 429 1736 486 coelo

292 538 320 568 κ
340 517 503 571 Festa
525 555 541 583 ‚
564 536 670 571 nec
688 514 776 569 hae
801 513 1107 590 quidquam
1124 513 1384 591 lacrymae
1395 559 1414 586 ,
1447 515 1752 572 furibunde
1768 556 1783 586 ‚

426 596 762 656 morantur}>

289 705 318 736 κ
339 684 605 740 Criminis
629 684 749 741 haec
774 683 1023 742 merces?
1047 684 1164 742 haec
1190 686 1335 742 fama
1358 725 1377 756 ⁷
1403 685 1701 764 pudorque

429 765 698 823 relictus?

285 874 314 904 «
334 853 462 906 Hoc
488 850 624 905 mihi
648 854 953 911 Lemniacae
978 853 1050 911 de
1079 865 1134 910 te
1161 871 1411 911 meruere
1438 856 1688 915 catenae?

286 958 316 987 ι(
335 936 508 1009 Perge
533 934 733 993 libens.
763 941 830 994 At
859 958 973 995 non
1001 938 1197 994 eadem
1217 941 1488 997 Vulcania
1511 941 1670 997 nobis

287 1041 316 1071 «
336 1017 614 1095 Obsequia
630 1064 644 1092 ,
673 1035 729 1078 et
750 1023 862 1080 laesi
888 1023 1060 1080 servit
1087 1037 1275 1080 tamen
1300 1026 1380 1081 ira
1405 1027 1610 1082 mariti«

285 1126 315 1155 α
336 1101 492 1162 Illum
519 1127 623 1183 ego
649 1109 946 1183 perpetuis
969 1107 1108 1162 mihi
1135 1108 1405 1165 desudare
1435 1110 1664 1169 caminis

287 1209 316 1238 ιε
334 1187 385 1241 Si
399 1189 626 1262 jubeam
642 1230 658 1259 ,
676 1190 978 1265 vigilesque
997 1190 1161 1264 operi
1176 1193 1549 1248 transmittere
1568 1209 1757 1255 noctes
1761 1242 1781 1268 ‚

284 1294 314 1324 «
332 1272 622 1343 Gaudeat,
648 1287 987 1350 ornatusque
1010 1295 1193 1332 novos
1209 1317 1225 1345 ‚
1254 1276 1479 1352 ipsique
1505 1277 1721 1339 laboret

285 1377 316 1407 «
335 1357 497 1412 Arma
512 1356 632 1412 tihi.
652 1362 807 1414 Tu...
828 1359 929 1414 sed
944 1359 1209 1434 scopulos
1227 1372 1285 1415 et
1299 1357 1477 1415 ahena
1497 1365 1779 1437 precando

284 1462 312 1492 ι(
333 1438 581 1498 Flectere
614 1441 784 1498 corda
808 1462 968 1517 paro.
1006 1442 1198 1500 Solum
1223 1443 1333 1500 hoc
1359 1456 1543 1501 tamen
1571 1449 1733 1507 anxia
1758 1493 1774 1522 ,

413 1525 589 1581 solum

281 1635 313 1664 ι(
333 1611 627 1683 obtestor,
656 1614 794 1688 quid
818 1634 906 1670 me
935 1616 1112 1691 Tyrio
1141 1617 1356 1672 sociare
1384 1620 1583 1677 marito

284 1717 314 1747 ε(
329 1696 653 1769 Progeniem
667 1718 865 1767 caram,
877 1697 1247 1775 infaustisque
1255 1700 1422 1757 dabas
1433 1705 1780 1779 Hymenaeis?

279 1800 312 1832 α
332 1770 479 1834 Dum
505 1780 623 1836 sore
650 1781 951 1857 praeclaros
977 1784 1143 1840 armis
1160 1827 1175 1855 ‚
1208 1799 1262 1842 et
1286 1786 1480 1843 vivida
1507 1789 1681 1860 rebus

277 1888 309 1918 α
328 1866 563 1922 Pectora
590 1867 820 1943 vipereo
848 1869 1050 1945 Tyrios
1075 1870 1145 1926 de
1174 1873 1435 1948 sanguine
1458 1877 1667 1949 jactas»,

278 1973 308 2003 ει
328 1951 758 2028 Demissumque
771 1955 808 2008 J
811 1955 931 2010 ovis
951 1954 1091 2009 serie
1107 1945 1406 2031 genus?Ah
1424 1979 1545 2014 mea
1563 1974 1772 2034 quanto
1801 1979 1806 1985 ’

275 2058 306 2090 c<
328 2034 581 2092 Sithonia
607 2036 827 2093 mallem
852 2039 1131 2114 nupsisset
1154 2042 1313 2117 virgo
1340 2043 1445 2099 sub
1469 2047 1648 2101 Arcto

278 2142 307 2173 α
325 2122 506 2175 Trans
543 2123 771 2178 Boream
794 2164 811 2192 ‚
853 2122 1213 2201 Thracasque
1256 2134 1412 2186 tuos!
1454 2128 1696 2205 Indigna

416 2223 693 2278 parumne

274 2310 305 2339 κ
325 2285 656 2345 Pertulimus
673 2331 688 2359 ‚
722 2290 863 2349 divae
893 2295 1122 2350 Veneris
1147 2299 1302 2372 quod
1329 2298 1445 2354 filia
1475 2297 1711 2375 longum

275 2392 304 2422 cc
322 2370 562 2443 Reptat‚
585 2385 642 2426 et
668 2371 921 2450 Illyricas
948 2379 1153 2452 ejectat
1172 2380 1325 2438 virus
1353 2382 1413 2437 in
1438 2381 1645 2437 herbas
1665 2383 1692 2440 ἐ’

275 2476 304 2506 κ
323 2454 376 2510 N
384 2475 492 2512 unc
535 2470 757 2530 gentem
798 2461 1161 2523 immeritam!
1186 2489 1216 2519 »
1262 2469 1567 2546 Lacrymas
1609 2490 1725 2527 non

403 2540 634 2614 pertulit
666 2544 809 2600 ultra

266 2624 616 2703 Bellipotens.
646 2631 877 2688 Hastam
902 2633 1038 2692 laeva
1067 2638 1393 2706 transumit3
1423 2649 1478 2693 et
1505 2640 1622 2692 alto

268 2707 457 2787 (Haud
471 2711 647 2792 mora)
671 2715 894 2772 desiluit
915 2737 1085 2773 curru
1104 2737 1117 2771 z
1139 2719 1457 2792 clypeoque
1476 2732 1765 2796 receptam

264 2795 439 2850 Laedit
459 2797 515 2851 in
537 2798 793 2873 amplexu
809 2842 825 2870 ‚
850 2799 1131 2873 dictisque
1154 2799 1232 2854 ita
1254 2803 1462 2858 mulcet
1478 2806 1667 2863 amicis
1690 2828 1704 2863 ε

341 2901 369 2931 «
390 2883 439 2935 Ο
457 2880 618 2949 mihi,
636 2882 915 2938 bellorum
939 2882 1169 2956 requies
1179 2925 1193 2952 ,
1214 2897 1271 2941 et
1290 2903 1447 2942 sacra
1469 2891 1728 2967 voluptas
1742 2934 1757 2965 ,

270 2989 299 3019 κ
318 2967 554 3044 Unaque
579 2988 696 3044 pax
721 2967 932 3040 anim03
962 2967 1063 3025 soli
1091 2969 1182 3026 cui
1208 2983 1359 3030 tanta
1388 2987 1637 3052 potestas
