2079 3613
487 276 558 339 72
695 262 1137 327 THEBAJDOS‚
1188 265 1334 319 ΜΒ.
1387 273 1558 326 vm.
1692 270 1817 336 ,με

320 381 352 413 κ
374 355 619 418 Mandat
646 372 806 417 atrox
837 359 1039 421 hostile
1079 377 1252 440 caput
1272 407 1289 438 ,
1306 442 1309 447 ‚
1327 367 1537 448 quique
1568 371 1698 448 igne

323 486 344 511 s
536 465 805 522 supremo

306 551 340 582 ιι
365 531 579 587 Arceat
604 531 914 601 exanime5‚
945 545 999 589 et
1024 534 1294 599 Manibus
1322 537 1535 594 aethera
1564 540 1728 600 nudis

312 638 342 668 «
361 615 764 676 commaculet.
806 620 843 674 J
846 631 982 675 uvet
1024 619 1132 676 ista
1166 622 1347 679 ferum
1385 638 1647 703 spectare

514 704 861 758 Tonantem!

310 806 341 840 σε
357 786 633 842 Praeterea
654 807 727 843 ne
755 785 872 844 sola
901 789 1060 847 furor
1086 811 1213 848 mea
1236 812 1408 869 regna
1435 793 1671 854 lacessat
1689 839 1706 870 ,

307 893 343 927 ιε
358 874 560 943 Quaere
587 872 724 926 Deis
749 873 846 946 qui
868 873 1012 930 bella
1032 877 1197 947 ferat,
1228 877 1329 953 qui
1352 878 1607 939 fulminis
1627 882 1820 958 ignes,·

306 977 338 1011 σε
357 956 742 1029 Infestumque
770 959 807 1012 J
810 976 1003 1025 ovem,
1027 958 1222 1035 clypeo
1251 960 1533 1035 fumante,
1561 967 1815 1043 repellat.

303 1058 334 1108 ᾳ
354 1041 512 1096 Faxo
542 1038 699 1094 haud
730 1041 802 1095 sit
833 1041 1052 1097 cunctis
1076 1041 1252 1099 levior
1286 1058 1467 1102 metus
1486 1088 1505 1119 ‚
1538 1060 1658 1107 atra

310 1112 312 1121 ⁴
520 1145 751 1183 movere
1761 1189 1769 1197 .

299 1227 338 1259 α
364 1208 596 1266 Tartara
610 1251 627 1281 ,
651 1209 939 1268 frondenti
952 1230 1123 1288 quam
1136 1214 1371 1291 jungere
1387 1216 1579 1275 Pelion
1592 1222 1761 1281 Ossae.
1778 1245 1807 1277 ω

375 1294 611 1351 Dixerat
640 1315 653 1352 ε
683 1307 853 1373 atque
881 1296 959 1353 illi
981 1299 1319 1372 jamdudum
1344 1305 1497 1382 regia
1530 1304 1701 1362 tristis

302 1374 785 1461 Adtremivoranti
803 1423 819 1452 ‚
848 1403 1059 1461 suaque
1075 1428 1091 1455 ‚
1117 1398 1174 1442 et
1194 1408 1317 1464 quae
1341 1387 1587 1464 desuper
1613 1403 1806 1470 urget,

289 1461 554 1602 {tutabat
581 1467 743 1526 tellus
768 1487 781 1524 z
813 1489 930 1525 non
958 1470 1159 1528 fortius
1183 1473 1392 1530 aethera
1420 1474 1581 1530 vultu

246 1583 257 1589 -
279 1576 296 1611 f<
343 1544 551 1625 lorquet
568 1594 583 1622 ‚
614 1567 672 1610 et
697 1554 981 1612 astriferos
1005 1554 1243 1616 inclinat
1264 1562 1298 1613 J
1300 1559 1533 1635 uppitcr
1559 1579 1715 1617 axes.

272 1630 280 1651 ’
373 1656 404 1687 α
428 1637 506 1692 At
534 1637 632 1694 tibi
656 1659 824 1716 quos»,
851 1639 1071 1718 inquit,
1100 1644 1330 1712 Manes,
1362 1643 1464 1720 qui
1497 1642 1678 1702 limite

267 1756 270 1786 3
514 1732 767 1797 praeceps
1248 1794 1253 1797 Α
1496 1800 1501 1804 ⁸

271 1794 330 1852 j«
351 1787 481 1846 Non
494 1788 652 1849 licito
669 1814 775 1869 per
792 1794 955 1850 inane
976 1793 1136 1854 ruis?
1156 1821 1186 1850 >²
1214 1797 1371 1853 Subit
1386 1796 1478 1855 ille
1494 1798 1802 1858 minantem

284 1874 416 1930 Jam
441 1877 622 1933 tenuis
647 1878 801 1948 visu,
829 1881 943 1954 jam
966 1879 1397 1936 vanescentibus
1425 1881 1590 1938 armis
1607 1924 1624 1952 ‚

289 1961 330 2016 J
332 1981 420 2022 am
445 1962 640 2038 pedes·
671 1963 935 2022 Extincto
961 1977 1149 2022 tamen
1171 1966 1521 2043 interceptus
1545 1966 1606 2023 in
1630 1988 1728 2025 ore

288 2047 532 2123 Augurii
554 2049 826 2126 perdurat
851 2050 1039 2107 honos
1057 2094 1074 2122 ,
1102 2052 1456 2130 obscuraque
1480 2053 1650 2110 sronti

289 2130 446 2189 Vitta
466 2147 694 2208 manet,
721 2157 1051 2213 ramumque
1073 2149 1238 2194 tenet
1262 2138 1552 2196 morientis
1577 2140 1753 2199 olivae.

287 2217 345 2274 Si
367 2216 538 2291 licet,
569 2228 627 2277 et
652 2224 857 2278 sanctis
881 2222 978 2279 hic
1003 2242 1104 2279 ora
1126 2221 1410 2282 resolvere
1434 2226 1521 2282 fas
1543 2237 1631 2283 est

185 2299 186 2304 ¹
253 2304 548 2379 Manibus
570 2326 583 2362 ε
616 2330 645 2359 ι(
673 2311 724 2364 Ο
745 2306 962 2364 cunctis
987 2306 1179 2366 finitor
1200 2311 1441 2368 maxime
1468 2332 1657 2368 rerum
1676 2353 1695 2383 ‚

289 2410 321 2441 «
340 2390 420 2445 At
442 2382 741 2467 mihi‚'qui
765 2393 1056 2468 quondam
1084 2412 1306 2466 causas,
1338 2396 1732 2474 elementaque
1808 2385 1811 2394 ¹

511 2476 710 2531 noram
730 2517 747 2544 .,
773 2531 780 2542 s
1639 2550 1641 2553 Α
1720 2533 1727 2548 s

280 2559 412 2617 «Et
440 2570 592 2632 sator
610 2602 632 2627 ,
664 2578 764 2618 oro
783 2600 800 2628 .,
833 2561 1016 2615 minas
1028 2587 1065 2630 ‚·
1085 2560 1480 2639 stimulataque
1512 2551 1699 2620 corda.

500 2647 749 2706 remulce
765 2688 782 2718 ‚
909 2709 912 2716 ,
1670 2653 1677 2656 ’

292 2753 323 2788 «ι
340 2730 500 2793 Neve
526 2732 611 2791 ira
636 2733 866 2811 dignare
891 2731 1215 2805 hominem,
1244 2745 1301 2791 et
1324 2745 1421 2790 tua
1443 2733 1571 2809 jura

510 2819 818 2880 timentem.
1326 2817 1331 2820 Δ
1661 2900 1664 2904 .

298 2905 332 2954 κ’
342 2901 489 2960 Nam
515 2924 627 2961 nec
663 2905 736 2962 ad
770 2904 1085 2980 Herculeos
1123 2905 1313 2988 (unde
1348 2905 1470 2968 haec
1503 2903 1643 2966 mihi

505 2986 787 3087 Rectora?
811 2990 834 3071 )
862 3002 1092 3070 raptuS,
1348 2983 1379 3014 ⁵
