2079 3613
812 192 840 213 N

237 412 238 415 ,
282 382 403 444 ¹7²
590 373 1036 438 TnssssAmos,
1090 375 1238 425 Lm.
1294 375 1399 425 vt.
1498 375 1606 450 752

274 469 567 546 Argolicus
590 473 1009 547 Capaneu5.'Ac
1034 471 1170 527 dum
1196 471 1477 549 nigrantia
1503 472 1739 551 plumbo

274 556 540 631 Tegmina
564 555 739 612 cruda
766 557 939 613 boum
958 599 974 627 ‚
997 578 1113 613 non
1138 557 1355 615 mollior
1373 560 1494 634 ipse
1512 601 1528 629 ‚
1550 557 1780 616 lacertis

271 639 561 697 Induitur:
592 665 620 694 κ
645 646 790 696 Date
818 654 903 698 tot
916 643 1184 717 juvenum
1207 642 1277 699 de
1299 642 1542 700 millibus
1563 664 1740 701 unum

274 751 304 779 «
323 729 451 783 Huc
465 768 482 796 ,
504 727 609 796 ait;
632 740 802 803 atque
820 729 1038 785 utinam
1058 730 1247 804 potius
1267 728 1337 784 de
1360 731 1535 805 stirpe
1556 729 1781 789 veniret

273 836 302 866 «
324 812 581 868 AEmulus
606 814 814 881 Aonia,
844 834 1009 889 quem
1039 816 1120 869 fas
1146 813 1428 870 dimittere
1454 813 1570 871 leto
1596 855 1614 884 ,

274 913 304 952 t<
324 900 444 955 Nec
471 919 595 954 mea
623 898 858 955 crudelis
886 898 1034 956 civili
1063 898 1332 976 sanguine
1362 900 1568 957 virtus!
1592 926 1623 951 ι»

341 983 704 1058 Obstupuere
731 984 933 1052 animi,
960 986 1212 1060 fecitque
1248 984 1462 1042 silentia
1490 998 1691 1044 terror.

344 1070 596 1126 Tandem
618 1068 928 1144 insperatus
955 1069 1108 1126 nuda
1136 1068 1208 1125 de
1235 1068 1402 1144 plebe
1429 1073 1717 1128 Laconum

267 1154 485 1212 Prosilit
505 1154 838 1210 Alcidamas,
870 1156 1154 1210 Mirantur
1181 1154 1392 1210 Dorica
1418 1175 1609 1231 regum

268 1241 496 1317 Agmina
521 1259 534 1294 ε
565 1241 668 1296 sed
692 1240 827 1295 socii
852 1241 1062 1296 fretum
1086 1238 1312 1297 Polluce
1337 1239 1603 1316 magistro

171 1352 174 1355 ·
267 1333 511 1394 Norant,
540 1336 595 1380 et
622 1344 803 1382 sacras
829 1324 975 1381 inter
1001 1324 1248 1382 crevisse
1275 1323 1574 1402 palaestras·

267 1417 399 1490 Jpse
428 1412 579 1467 Deus
604 1410 899 1486 posuitque
925 1429 1123 1466 manus
1142 1452 1159 1480 ,
1189 1422 1245 1467 et
1271 1409 1505 1465 brachia
1532 1411 1693 1469 finxit

268 1500 413 1556 Arte
435 1497 647 1567 bonuS‚
681 1495 983 1575 (suadebat
1008 1494 1205 1575 amor)
1235 1508 1368 1551 tunc
1404 1515 1547 1572 saepe
1572 1495 1778 1555 locavit

269 1586 565 1653 CominuS,
594 1595 652 1640 et
678 1582 839 1639 simili
866 1593 1109 1638 stantem
1133 1580 1365 1637 miratus
1391 1581 1448 1636 in
1474 1581 1585 1653 ira,

266 1670 504 1730 Sustulit
530 1668 813 1738 exultans,
836 1666 1167 1742 nudumque
1195 1668 1268 1724 ad
1288 1679 1522 1744 pectora
1546 1669 1770 1743 pressit.

267 1754 432 1812 Illum
456 1754 775 1833 indignatur
800 1755 1120 1830 Capaneu5‚
1150 1750 1411 1829 ridetque
1440 1765 1768 1826 vocantem,

263 1844 345 1901 Ut
379 1844 683 1911 miseram,
717 1841 1015 1917 poscitque
1047 1838 1236 1895 alium.
1269 1839 1634 1916 Tandemque
1715 1909 1718 1915 Α

475 1938 702 1984 coactus
1329 1960 1337 1967 ·

263 2010 528 2081 Restitit,
562 2024 621 2067 et
657 2007 891 2065 stimulis
925 2011 1041 2083 jam
1078 2008 1346 2084 languida
1385 2007 1528 2065 colla

492 2108 834 2152 tumescunt.

264 2183 585 2243 Fulmineas
608 2178 722 2236 alte'
744 2180 1000 2257 suspensi
1025 2199 1263 2258 corpora
1289 2179 1500 2257 plantis

263 2274 507 2328 Erexere
532 2285 728 2323 manus
752 2284 766 2321 t
793 2277 918 2322 tuto
941 2268 1146 2342 procul
1174 2286 1273 2321 ora
1296 2282 1515 2321 recessu

263 2361 554 2416 Armorum
572 2353 631 2409 in
647 2350 887 2429 speculis
902 2394 917 2421 ‚
938 2349 1234 2428 aditusque
1254 2351 1325 2408 ad
1342 2349 1573 2407 vulnera
1599 2352 1758 2408 clusi.

259 2446 371 2504 Hic
396 2455 642 2521 quantus
666 2438 864 2516 Stygiis
888 2439 1090 2515 Tityos
1116 2450 1414 2514 consurgat
1439 2434 1509 2491 ab
1536 2436 1706 2506 arviS,

260 2531 320 2588 Si
339 2542 507 2586 torvae
525 2525 813 2603 patiantur
835 2545 969 2582 aves
986 2568 1001 2594 ,
1027 2537 1183 2581 tanta
1208 2523 1459 2598 undique
1480 2520 1682 2597 pandit

259 2612 643 2671 Membrorum
679 2609 893 2688 spatia,
925 2623 983 2667 et
1014 2608 1188 2666 tantis
1225 2608 1380 2665 serus
1414 2606 1632 2664 ossibus

474 2708 672 2754 exstat.

253 2783 367 2838 Hie
390 2781 559 2857 paulo
587 2796 716 2839 ante
744 2802 886 2860 puer
904 2820 920 2847 ‚
951 2778 1050 2835 sed
1078 2776 1231 2830 enim
1254 2772 1529 2829 maturius
1547 2759 1668 2829 ἔνο
1694 2845 1703 2852 .

255 2867 487 2937 Robur,
506 2880 564 2924 et
584 2869 840 2944 ingentes
856 2858 1097 2939 spondet
1115 2870 1279 2914 tener
1297 2858 1543 2933 impetus
1560 2877 1754 2929 annos,

252 2958 435 3027 Quem
461 2954 613 3011 vinci
644 2954 801 3009 haud
832 2947 1160 3024 quisquam,
1189 2964 1331 3002 saevo
1357 2962 1462 3002 nec
1497 2944 1760 3025 sanguine

247 3041 252 3046 ’
361 3101 367 3106 ,
477 3029 642 3112 tingi
1520 3057 1523 3060 >

251 3122 449 3195 Malu,
475 3135 533 3181 et
558 3134 752 3186 erecto
773 3118 973 3177 timeat
995 3117 1317 3196 spectacula
1343 3128 1494 3180 voto.
