2079 3613
458 316 566 390 640
669 319 1110 385 trasancos»,
1162 316 1303 372 me.
1359 325 1522 372 vm.
1675 314 1802 397 ²37

316 415 423 473 Cui
439 435 635 472 manus
659 416 714 472 in
733 416 924 492 plaga,
951 416 1238 494 dependet
1260 417 1521 493 languida
1548 421 1737 479 cervix

311 499 571 556 Exterior
596 503 804 578 clypeo
820 544 834 569 ‚
859 502 1149 578 crinesque
1178 524 1208 558 a
1234 504 1422 559 fronte
1447 505 1656 580 supini.

308 584 490 639 Prima
517 584 697 648 videt,
736 606 1031 662 caramque
1059 599 1299 643 tremens
1316 586 1811 645 'Iocastaxoeabat

310 668 580 725 Ismenen.
610 670 862 746 Namque
879 669 990 729 hoc
1017 670 1195 733 solum
1218 671 1555 728 moribunda

530 770 790 830 precatui
1168 776 1171 783 ·

306 843 431 897 Vox
455 842 681 916 generi:
710 843 891 898 solum
914 841 1025 899 hoc
1052 842 1286 918 gelidis
1272 863 1383 919 jam
1406 861 1614 919 nomen

529 936 585 989 in
594 949 743 991 errat

304 1031 602 1105 Faucibus.
630 1030 955 1085 Exclamant
981 1030 1196 1086 famula
1218 1051 1233 1085 τ
1259 1031 1490 1086 tollebat
1512 1035 1572 1088 in
1597 1053 1696 1090 orn

305 1117 486 1189 Virgo
511 1134 707 1169 manus
731 1132 745 1183 ;
776 1115 957 1169 tenuit
979 1133 1150 1170 saevus
1174 1117 1392 1190 pudor:
1416 1129 1662 1172 attamen
1687 1117 1777 1175 ire

309 1198 570 1273 Cogitur,
597 1197 844 1273 indulget
869 1217 1144 1253 summum
1168 1197 1278 1253 hoc
1303 1200 1523 1255 Iocasta
1543 1202 1780 1274 jacenti,

306 1278 703 1356 Ostenditque,
732 1281 1007 1358 offertque
1024 1296 1238 1358 quater.
1264 1285 1389 1341 Jam
1412 1297 1591 1342 morte
1617 1286 1722 1343 sub

527 1368 644 1443 ipsa
665 1408 684 1434 ,

304 1461 398 1519 Ad
426 1484 627 1520 nomen
651 1465 826 1532 visus,
855 1464 1188 1542 dejectaque
1212 1465 1431 1522 fortiter
1450 1485 1547 1522 ora

302 1548 550 1605 Sustulit.
575 1550 735 1607 Illam
755 1571 949 1620 unam,
970 1550 1228 1624 neglecto
1251 1549 1459 1606 lumine
1484 1551 1604 1607 coeli
1619 1594 1635 1622 ‚

303 1634 528 1708 Aspicit
544 1676 560 1705 ‚
593 1648 649 1690 et
675 1634 833 1699 vultu
855 1656 972 1692 non
999 1636 1304 1692 exsatiatur
1328 1655 1541 1692 amaro.

301 1720 464 1773 Tunc
490 1719 619 1794 quia
646 1741 752 1776 nec
777 1719 1018 1796 genitrix
1042 1721 1226 1794 juxta,
1253 1720 1576 1796 positusque
1597 1720 1770 1778 beata·

301 1808 482 1861 Morte
502 1817 665 1882 pater
681 1848 697 1875 ‚
726 1826 942 1881 sponsoe
965 1826 1167 1861 munus
1188 1803 1502 1862 miserabile
1528 1810 1756 1865 tradunt

299 1889 592 1946 Declinare
618 1910 806 1966 genaS.
831 1890 917 1945 Ibi
942 1890 1187 1955 demum,
1211 1902 1353 1945 teste
1377 1903 1623 1959 remot0,

297 1981 336 2031 F
340 1995 458 2035 assa
485 1974 607 2051 pios
633 1974 870 2051 gemitus
885 2018 904 2043 ,
928 1975 1315 2050 lacrymasque
1339 1971 1627 2029 inlumina

517 2060 683 2118 fudit.

365 2162 630 2239 Dumque
652 2183 718 2218 ea
743 2183 848 2244 per
869 2161 1132 2231 Thebas.,
1160 2160 1280 2217 aliis
1299 2159 1654 2256 serpentibus

475 2249 713 2310 ardens
1176 2259 1181 2274 ⁸
1580 2299 1583 2302 .

295 2344 367 2399 Et
392 2303 512 2401 sace
542 2360 791 2413 mutata,
812 2347 1024 2402 bellum
1047 2345 1363 2419 integrabat
1388 2347 1583 2420 Enyo;

293 2435 452 2483 Arma
480 2432 708 2499 volunt,
738 2391 947 2506 piimos
975 2430 1148 2485 veluti
1176 2433 1346 2487 modo
1377 2430 1626 2487 cominus
1648 2431 1805 2486 ictus

285 2513 658 2580 sustulerint,
690 2513 975 2588 omnisque
1004 2515 1312 2569 etiamnum
1337 2514 1514 2571 luceat
1540 2514 1706 2571 ensis.

296 2594 517 2658 Eminet
542 2595 827 2666 OEnides;
856 2597 1111 2671 quamvis
1136 2609 1193 2649 et
1219 2597 1493 2652 arundine
1508 2611 1672 2652 ‘certa

288 2682 729 2759 Parthenopaeus
756 2694 910 2760 agat,
936 2680 1390 2756 morientumque
1415 2699 1515 2735 ora
1538 2683 1747 2739 furenti

293 2767 691 2845 Hippomedon
721 2767 1015 2844 proculcet
1043 2786 1224 2842 equo,
1255 2768 1640 2864 Capaneaque

497 2856 665 2931 pinus

292 2950 328 3004 J
331 2968 421 3003 am
445 2951 642 3023 procul
671 2951 863 3007 Aoniis
889 2949 1043 3008 volet
1070 2947 1425 3027 agnoscenda
1453 2949 1725 3019 catervis5

302 3030 532 3109 Tydeos
548 3034 640 3093 illa
662 3029 775 3093 dies
800 3034 988 3096 :illum
1007 3035 1338 3112 fugiuntque
1357 3076 1375 3109 ‚
1396 3046 1753 3110 tremuntque
1765 3077 1792 3108 r

681 3157 718 3184 N
1608 3162 1619 3210 Ι

1866 398 1899 427 l
