2079 3613
248 295 376 366 4113
469 307 985 369 ACHILLEIDOS,
1037 309 1178 357 ΗΒ.
1230 308 1346 362 111.
1444 306 1556 379 240

248 424 276 452 α
304 404 752 477 AEquaevamque
774 403 972 470 facem,
996 415 1231 479 captu,
1261 412 1578 476 noctesque

458 485 719 563 diesque,
1301 512 1304 513 ⁷

247 591 274 620 α
299 569 624 627 Dissiinulas
646 571 672 629 ?
693 592 936 649 quonam
965 592 1140 650 usque
1160 592 1381 651 premes
1405 571 1628 629 urentia

463 670 665 733 pectus

246 761 278 793 ot
296 740 592 799 Vulnera?
617 754 789 817 teque
815 761 1028 799 marem
1055 741 1267 821 (pudet
1287 743 1429 800 heu!
1453 742 1606 822 )-nec
1647 766 1656 769 *

460 846 646 893 amore
667 827 930 905 probabis
953 824 979 883 ⁴?
1004 852 1034 880 >2

315 909 404 966 Sic
430 911 542 981 ait;
574 925 629 968 et
653 914 825 970 densa
850 915 1035 970 noctis
1057 913 1273 988 gavisus
1299 913 1355 969 in
1381 913 1580 970 'umbra

244 997 604 1072 Tempestiva
631 998 744 1055 suis
767 1011 995 1076 tqrpere
1024 997 1241 1056 silentia
1259 999 1452 1070 furtis,

245 1083 315 1136 Vi
344 1083 561 1160 potitur
583 1086 762 1157 votiS,
792 1100 848 1143 et
876 1098 998 1142 toto
1025 1098 1260 1161 pectore
1285 1105 1448 1142 veros
1503 1117 1507 1122 ·

244 1167 529 1228 Admovet
546 1170 856 1248 amplexus.
878 1171 1025 1228 Risit
1039 1171 1249 1227 chorus
1270 1171 1447 1226 omnis
1472 1167 1544 1224 ab
1566 1166 1679 1225 alto

246 1256 541 1311 Astrorum
558 1270 646 1325 ,et
670 1252 874 1314 tenefae
895 1256 1109 1314 rubuen
1113 1269 1215 1312 unt
1241 1276 1339 1313 con
1343 1271 1456 1311 uua
1482 1257 1674 1310 Lunae.

242 1339 345 1393 Ina
374 1338 603 1413 quidem
628 1344 867 1396 clamole
891 1361 1088 1397 nemus
1114 1354 1473 1417 montemque
1488 1336 1752 1417 replevit:

241 1423 349 1479 Sed
374 1423 578 1479 Bacchi
605 1425 866 1493 comites,
897 1426 1142 1482 discussa
1173 1426 1322 1484 nube
1339 1425 1568 1502 'soporis
1588 1466 1604 1495 ‚

242 1509 404 1587 Signa
423 1511 612 1569 choris
625 1512 837 1570 indicta
858 1526 1086 1590 putant.
1117 1515 1331 1591 Fragor
1350 1512 1603 1588 undique

206 1647 213 1652 .
456 1611 625 1655 notus

244 1677 520 1750 Tollitur,
555 1695 611 1737 et
637 1682 868 1760 thyrsos
894 1683 1099 1740 iterum
1126 1682 1385 1742 vibrabat
1411 1679 1676 1738 Achilles.

245 1766 385 1821 Ante
415 1758 603 1824 {amen
630 1767 863 1828 dubiam
887 1769 1073 1827 verbis
1099 1769 1308 1826 solatur
1333 1767 1557 1826 amicis:

320 1873 347 1902 α
372 1849 480 1907 Ille
507 1872 644 1931 ego,
678 1852 852 1933 (quid
871 1855 1162 1932 trepidas?
1175 1853 1197 1936 )
1226 1854 1417 1930 genuit
1438 1873 1602 1930 quem

471 1941 673 1997 caerula
712 1954 891 1998 mater

240 2048 275 2076 u
297 2023 527 2083 Peliacis
551 2027 761 2103 Sylvis‚
789 2028 1123 2103 nivibusque
1147 2026 1374 2082 immisit
1397 2025 1664 2082 alendum

248 2131 275 2160 α
297 2110 659 2167 Thessalicis.
679 2114 882 2188 Neque
894 2133 996 2190 ego
1015 2113 1122 2168 hos
1142 2111 1358 2183 cultus,
1385 2124 1480 2166 aut
1507 2111 1652 2169 soeda

404 2205 409 2210 ’
467 2195 737 2270 subissem
802 2204 808 2210 “
1018 2245 1029 2254 .

247 2305 275 2332 ιι
297 2265 602 2355 Tegmina,
623 2283 682 2336 ni
698 2281 882 2357 primo
908 2294 965 2337 te
988 2281 1107 2340 visa
1127 2282 1187 2338 in
1211 2281 1442 2338 liuore.
1471 2281 1612 2340 cessi

237 2389 270 2416 «ι
292 2367 374 2421 Te
398 2377 673 2442 propter.
702 2364 806 2422 tibi
828 2385 1004 2444 pensa
1031 2368 1235 2438 manu,
1264 2364 1580 2478 tibiffiollia

462 2465 619 2529 gesto

243 2563 270 2591 α
292 2539 607 2615 Tympana.
636 2535 787 2609 Quid
809 2535 975 2592 defles
993 2577 1011 2607 ‚
1029 2554 1232 2612 magno
1248 2554 1421 2593 nurus
1442 2534 1634 2592 addita

463 2622 685 2699 ponto?

244 2733 272 2761 «
292 2710 446 2783 Quid
465 2709 674 2785 gemis,
701 2707 956 2785 ingentes
974 2707 1114 2766 coelo
1135 2707 1385 2785 paritura
1411 2720 1653 2785 nepotes
1667 2710 1697 2763 P

243 2822 270 2849 α
292 2798 405 2855 Sed
423 2808 588 2872 pater
603 2807 733 2852 ante
752 2793 895 2870 igni,
927 2795 1041 2851 seri
1045 2814 1192 2869 oque
1222 2795 1410 2851 excisa
1428 2796 1636 2869 jacebit

239 2905 269 2933 ιε
287 2881 492 2957 Scyros
507 2919 523 2951 ‚
553 2892 612 2937 et
631 2879 688 2934 in
705 2878 949 2944 tumidas
968 2877 1128 2980 ibunt
1147 2877 1268 2936 haec
1300 2899 1458 2938 versa

454 2963 734 3041 procellas
1467 3007 1476 3016 .

240 3076 267 3104 α
293 3051 530 3123 Moenia,
559 3067 729 3126 quam
743 3068 888 3110 saevo
902 3069 1032 3132 gnea
1053 3061 1114 3108 tu
1130 3047 1414 3107 connubia
1429 3049 1654 3128 perdas,
