2079 3613
324 306 435 381 454
570 298 1006 358 THEBAIDOS,
1059 289 1202 346 mn.
1256 290 1341 338 11.
1605 278 1684 346 45

197 438 227 466 κ
246 406 499 473 Ambiat‚
528 414 623 458 aut
649 395 890 473 triplices
917 392 1022 448 alio
1051 389 1152 445 tihi
1180 385 1428 443 carmine
1457 403 1643 443 muros

197 522 225 550 c<
247 491 521 570 Amphion
547 486 944 557 auditus-agat.
968 475 1065 534 Nil
1090 472 1229 542 tela,
1259 491 1366 527 nec
1392 472 1551 546 ignes

199 607 228 635 κ
249 577 610 644 obstiterint,
642 570 779 648 quin
815 585 947 623 ausa
981 565 1136 630 luaS,
1164 558 1483 634 nostrisque
1521 557 1622 613 sub

344 664 508 721 armis
1203 652 1212 659 ’

194 775 229 806 2«
253 749 492 827 Captivo
511 740 876 801 moribundus
893 737 1129 793 humum
1154 734 1470 791 diademate
1492 733 1693 808 pulses.

199 859 229 888 κ
249 836 339 890 Tu
356 831 587 888 merito:
632 840 718 883 ast
731 826 936 882 horum
957 822 1227 889 miseret,
1257 840 1397 895 quos
1425 821 1698 896 sanguine

346 918 486 976 viles

200 1031 229 1059 «
246 1003 625 1078 ConiugibUS,
653 998 912 1073 natisque
933 991 1164 1051 infanda
1192 992 1264 1048 ad
1288 993 1479 1068 proelia
1509 1005 1702 1069 raptos

201 1117 230 1144 ι(
248 1088 481 1161 Projicis
505 1083 726 1139 excidio
745 1122 759 1148 ‚
780 1080 930 1132 bone
957 1078 1086 1132 rex!
1108 1080 1158 1131 Ο
1184 1090 1397 1150 quanta
1418 1075 1704 1135 Cithaeron

203 1198 232 1227 ι(
252 1176 478 1228 Funera
492 1211 506 1234 ‚
521 1154 954 1241 sanguineisque
974 1157 1154 1228 vadis,
1174 1161 1397 1214 Ismene
1414 1200 1429 1229 ‚
1454 1161 1698 1217 rotabis!

203 1284 234 1313 α
255 1257 389 1317 Haec
427 1255 639 1332 pietaS,
675 1249 796 1305 haec
828 1266 1029 1322 magna
1061 1244 1201 1304 fides
1230 1250 1247 1300 ἔ
1286 1265 1393 1302 nec
1436 1245 1667 1304 crimina

349 1339 532 1418 gentis

202 1451 232 1481 κ
251 1427 400 1482 Mira
440 1422 702 1500 equidem
742 1419 890 1476 duco
915 1436 928 1472 ε
971 1418 1051 1474 sic
1090 1419 1301 1494 primus
1338 1420 1618 1495 sanguinis

347 1521 544 1566 auctor
563 1551 578 1578 ‚

206 1623 235 1651 κ
256 1596 577 1670 Incestique
598 1606 823 1671 patrum
839 1591 1104 1659 thalami,
1139 1610 1248 1646 nec
1268 1591 1408 1648 fallit
1433 1593 1586 1668 origo
1607 1612 1622 1648 :

207 1706 237 1735 κ
258 1680 590 1758 OEdipodes
615 1689 676 1735 t‘u
695 1676 842 1735 solus
861 1678 970 1733 eris
993 1694 1006 1731 z
1028 1676 1147 1733 haec
1163 1678 1388 1754 praemia
1411 1700 1629 1736 morum

206 1792 236 1823 κ
260 1770 342 1824 Ac
378 1765 637 1838 sceleris,
678 1767 921 1823 violente
946 1806 961 1835 ,
1004 1764 1169 1821 feres,
1211 1767 1325 1823 Nos
1359 1768 1644 1843 poscimus

353 1873 575 1908 annum.

207 1966 237 1994 «
258 1938 373 2002 Sed
398 1956 587 1993 moror
608 1959 662 1992 2).
689 1935 824 1993 Haec
849 1935 1032 1993 audax
1057 1937 1356 1993 etiamnum
1380 1938 1437 1993 in
1459 1938 1646 1994 limine

356 2034 513 2078 retro

204 2108 540 2171 Vociferans
561 2152 576 2178 ‚
616 2110 730 2184 jum
759 2122 895 2166 tunc
942 2110 1184 2187 impulsa
1227 2130 1335 2187 per
1372 2111 1592 2188 agmina

356 2218 607 2275 praeceps
628 2240 645 2267 .,

202 2282 405 2342 Evolat
425 2281 694 2339 OEnideS.
721 2283 948 2339 Vindex
972 2286 1053 2340 sic
1077 2283 1169 2348 ille
1197 2285 1386 2342 Dianae

202 2374 438 2427 Erectus
463 2371 624 2439 setis,
663 2383 719 2424 et
743 2369 976 2426 aduncae
1001 2372 1235 2428 fulmine
1255 2373 1448 2442 malae,

206 2458 357 2513 Cum
374 2467 654 2529 premeret
690 2454 944 2535 Pelopaea
980 2456 1259 2533 phalanx,
1295 2479 1425 2514 saxa
1469 2459 1636 2517 obvia

277 2563 280 2567 ’
354 2536 591 2594 volvens
607 2580 623 2606 ‚

204 2633 530 2702 Fractaque
550 2613 813 2701 perfossis
834 2626 1059 2681 arbusta
1080 2628 1341 2685 Acheloia
1369 2632 1507 2705 ripis
1529 2672 1543 2699 ,

205 2716 340 2771 Jam
351 2710 655 2767 Telamona
679 2709 814 2778 solo,
829 2711 943 2784 jam
958 2722 1194 2766 stratum
1213 2712 1411 2768 Ixiona
1427 2718 1710 2788 linquenS‚

209 2802 294 2855 Te
313 2842 328 2868 ‚
365 2797 666 2871 Meleagre,
697 2797 860 2854 subit.
885 2798 975 2853 Ibi
1001 2796 1226 2854 demum
1254 2799 1486 2876 cuspide
1510 2783 1620 2856 lat.a

128 2921 131 2928 ›
210 2883 380 2938 Haesit
398 2926 415 2952 ‚
452 2896 508 2939 et
535 2884 742 2940 obnixo
766 2884 978 2940 ferrum
1002 2885 1211 2942 laxavit
1233 2886 1290 2940 in
1317 2906 1493 2943 armo,

214 2969 364 3025 Talis
384 2969 570 3027 adhuc
596 2972 881 3047 trepidum
906 2973 1112 3049 linquit
1130 2972 1479 3049 Calydonius
1502 2973 1665 3033 heros

215 3054 553 3132 Concilium,
586 3058 910 3120 infrendens
935 3060 1043 3138 ipsi
1059 3077 1173 3119 ‘ceu
1200 3081 1372 3138 regna
1397 3076 1707 3142 negentur:

407 3197 430 3208 Q
