2079 3613
602 230 672 291 72
764 230 1187 310 summm,
1234 229 1379 278 1213.
1430 228 1540 276 ιν.
1682 210 1807 281 543

308 351 343 385 α
363 331 569 408 Magna
590 344 788 408 pater,
815 331 1135 411 dignosque
1161 325 1465 386 etiamnum
1486 318 1723 396 belliger

524 429 684 475 actus
1375 440 1404 463 -ρ

311 521 343 553 α
360 500 545 558 Poscit
571 523 707 560 avus
721 545 737 571 ‚
762 516 1103 581 praestatque
1124 497 1277 559 domi
1298 492 1517 552 novisse

523 588 860 664 triumphoS.
973 602 977 605 ’
1412 600 1428 647 j

252 712 255 713 ν
308 690 340 723 α
356 671 533 748 Surge
555 672 794 751 agedum
810 715 827 746 ,
853 674 1234 751 juvenemque
1258 686 1403 746 puer
1423 662 1706 738 deprende

509 772 808 836 parentem
835 801 854 830 ‚

297 865 331 896 α
353 842 659 903 Stemmate
683 857 940 901 materno
964 843 1100 901 felix
1118 883 1135 913 ,
1162 841 1368 899 virtute
1393 848 1648 914 paterna.

306 951 339 981 α
354 932 487 987 Jam
511 941 568 985 te
593 929 807 987 blanda
832 928 955 984 sinu
978 927 1157 1004 Tyrio
1182 924 1290 983 sibi
1310 923 1483 1005 Curia
1511 918 1649 987 felix

312 1037 343 1067 α
363 1012 584 1072 Educat
603 1056 620 1086 ,
649 1027 706 1072 et
728 1026 965 1071 cunctas
983 1011 1193 1090 gaudet
1217 1006 1497 1086 spondere
1525 1004 1761 1062 curules.
1782 1022 1815 1053 υ

378 1099 510 1154 Haec
532 1118 635 1176 ego
651 1097 992 1156 Chalcidicis
1017 1095 1094 1153 ad
1118 1107 1198 1162 te,
1224 1090 1520 1160 Marcelle,
1546 1086 1819 1144 sonabam

301 1183 614 1241 Litteribus
634 1226 651 1255 ,
675 1187 886 1242 fractas
911 1182 1010 1240 ubi
1031 1179 1279 1240 Vesbius
1302 1175 1478 1252 egerit
1501 1174 1611 1230 iras
1628 1213 1645 1243 ‚

204 1330 215 1336 -
303 1269 526 1328 AEmula
552 1269 860 1327 Trinacriis
886 1265 1123 1326 volvens
1146 1261 1407 1320 incendia
1429 1257 1680 1316 flammiS.
1778 1281 1785 1287 ·

286 1356 447 1412 >*Mira
478 1356 655 1415 fides!
684 1353 951 1420 credetne
978 1351 1164 1411 virum
1189 1360 1423 1408 ventura
1452 1361 1739 1423 propago,

300 1441 450 1498 Cum
474 1454 691 1519 segetes
715 1443 917 1498 iterum
935 1480 954 1511 ,
982 1457 1111 1495 cum
1132 1438 1245 1516 jam
1269 1432 1393 1490 haec
1418 1431 1646 1488 deserta

509 1528 808 1598 virebunt·‚

300 1613 455 1670 Infra
481 1611 666 1679 urbes,
686 1609 1041 1686 populosque
1063 1607 1267 1682 premi,
1295 1602 1668 1680 proavitaque
1690 1610 1811 1656 toto

300 1701 448 1765 Bura
468 1696 664 1753 abiisse
691 1690 877 1767 mari?
899 1693 1150 1750 necdum
1175 1690 1341 1748 letale
1367 1688 1567 1746 minari

297 1783 493 1841 Cessat
520 1801 688 1859 apex.
713 1777 916 1838 Procul
941 1779 1047 1835 ista
1066 1776 1209 1848 tuis,
1238 1775 1422 1833 Tifata
1441 1816 1458 1846 ,
1480 1776 1687 1843 Teate,

297 1872 418 1926 Nec
442 1868 803 1925 Marrucinos
829 1878 957 1950 agat
979 1865 1102 1922 haec
1127 1861 1344 1920 insania
1370 1871 1608 1916 montes.

374 1951 544 2009 Nunc
569 1952 616 2007 si
641 1951 791 2008 forte
821 1950 961 2006 meis
986 1969 1111 2025 quae
1130 1947 1241 2003 sint
1268 1944 1495 2001 exordia
1522 1943 1702 1999 Musis

295 2036 454 2095 Scire
479 2036 665 2113 petis,
691 2038 803 2111 jam
827 2033 1088 2091 Sidonios
1112 2050 1336 2090 emensa
1357 2028 1583 2086 labores

299 2120 548 2179 Thebais
566 2162 584 2192 ,
612 2133 808 2199 optato
832 2118 1063 2195 collegit
1089 2117 1319 2174 carbasa
1344 2114 1551 2192 portu:

295 2208 666 2283 Pamassique
685 2206 860 2281 jugis,
884 2199 1155 2282 syl'vaque
1177 2200 1511 2259 Heliconide
1537 2198 1693 2258 sestis

298 2292 495 2350 Thura
519 2291 679 2348 dedit
707 2290 969 2361 flammi5‚
997 2300 1055 2345 et
1080 2288 1310 2365 virginis
1329 2300 1459 2345 exta
1481 2287 1765 2361 juvencae,

292 2379 711 2453 Laurigeraque
736 2373 886 2430 meas
911 2374 1206 2448 suspendit
1230 2372 1302 2428 ab
1326 2373 1525 2428 arbore
1553 2372 1747 2430 vittas.

298 2465 463 2519 Nunc
482 2479 690 2519 vacuos
713 2459 895 2516 crines
921 2457 1030 2513 alio
1059 2457 1207 2513 subit
1232 2455 1407 2514 infula
1433 2475 1624 2514 nexu:
1681 2475 1698 2484 Γ

293 2550 469 2623 Troja
491 2546 741 2623 quidem,
754 2563 1098 2620 magnusque
1116 2542 1253 2598 mihi
1269 2556 1523 2600 tentatur
1536 2541 1807 2613 Achilles3

296 2632 415 2693 Sed
441 2643 607 2690 vocat
629 2632 950 2699 Arcitenens
976 2628 1087 2685 alib
1112 2640 1276 2705 pater
1293 2668 1311 2700 ‚
1338 2639 1605 2704 armaque

513 2728 784 2780 monstrat
888 2785 913 2793 M

297 2801 536 2862 Ausonii
563 2804 775 2874 maiora
809 2793 967 2878 ducis
994 2822 1008 2855 ε
1041 2800 1214 2858 trahit
1240 2801 1486 2878 impetus
1510 2798 1607 2855 illb

296 2889 647 2965 Iampridem
665 2929 682 2960 ‚
713 2886 1063 2967 retrahitque
1087 2885 1273 2955 timor.
1300 2886 1615 2945 stabuntne
1642 2884 1747 2943 sub

516 2970 610 3032 illa
1553 2973 1562 2984 ²

1865 1753 1904 1769 Γ,
