2079 3613
317 331 340 369 1
363 327 386 368 1
404 307 443 378 4
662 312 1064 368 THEBAIDOS
1082 347 1099 378 ‚
1151 315 1296 364 mn.
1351 313 1426 363 v,

528 586 909 676 LIBER
975 582 1572 699 QUINTUS.

309 901 420 986 Pu
439 948 468 985 L
485 947 511 986 s
528 947 560 986 Α
583 930 699 987 sitis
716 930 901 1003 fluvi0,
918 933 1307 1010 populataque
1328 925 1560 1005 gurgitis
1582 926 1810 981 alveum

307 1016 548 1093 Agmina
570 1015 896 1094 linquebant
931 1019 1112 1095 ripas,
1141 1034 1474 1091 amnemque
1499 1010 1806 1065 minorem:

306 1100 502 1159 Acrior
527 1116 582 1159 et
610 1123 866 1179 campum
890 1106 1116 1184 sonipes
1140 1104 1291 1181 rapit
1308 1145 1325 1173 ‚
1356 1113 1413 1157 et
1434 1098 1608 1177 pedes
1625 1116 1762 1158 larva

307 1188 514 1263 Implet
533 1209 726 1248 ovans·
749 1192 992 1249 Rediere
1011 1193 1147 1250 viris
1168 1189 1454 1263 animique
1473 1228 1489 1253 ‚
1508 1183 1805 1257 minaeque,

307 1273 571 1347 Votaque
588 1314 604 1345 ,
634 1275 948 1349 sanguineis
965 1275 1202 1332 mixtum
1229 1293 1335 1330 eeu
1357 1268 1603 1328 fontibus
1622 1268 1809 1344 ignem

309 1355 636 1413 Hausissent
658 1357 792 1413 belli
810 1400 825 1429 ‚
854 1379 1193 1436 magnasque
1217 1352 1484 1434 inpraelia
1511 1363 1748 1408 mentes,

304 1441 578 1518 Dispositi
602 1442 663 1499 in
687 1457 898 1501 turmas
924 1464 1118 1501 rursus
1133 1487 1149 1516 ‚
1176 1444 1467 1522 legemque
1490 1436 1674 1496 severi

306 1525 534 1583 Ordinis
553 1570 569 1599 .,
608 1541 673 1584 ut
705 1528 912 1605 cuique
945 1542 1073 1586 ante
1107 1529 1294 1599 loom,
1325 1527 1642 1600 ductorque
1671 1563 1689 1592 ι,

347 1622 372 1662 x
529 1626 832 1669 monentur

309 1696 633 1751 Instaurare
658 1698 795 1754 vias·
816 1697 1007 1754 Tellus
1028 1699 1142 1773 jam
1160 1698 1393 1774 pulvere
1412 1694 1600 1773 primo

310 1778 557 1848 Crescit,
579 1792 631 1850 et
659 1801 940 1838 armorum
965 1781 1344 1839 transmittunt
1373 1780 1591 1857 fulgura
1616 1771 1806 1853 sylvae.

307 1863 506 1937 Qualia
534 1879 685 1922 trans
707 1881 946 1943 pontum
970 1867 1184 1924 Phariis
1207 1868 1434 1923 defensa
1462 1862 1671 1921 serenis

305 1950 497 2007 Rauca
524 1953 831 2009 Paraetonio
860 1952 1143 2009 decedunt
1172 1952 1392 2030 agmina
1422 1949 1551 2006 Nilo
1570 1989 1585 2018 ‚

218 2098 221 2099 ⁷
305 2036 451 2092 Cum
482 2038 600 2093 fera
627 2039 791 2113 ponit
817 2038 1016 2093 hiems,
1047 2037 1160 2094 111ae
1189 2037 1451 2113 clangore
1478 2031 1663 2108 fugaci

303 2119 519 2175 Umbra
535 2122 691 2176 fretis
707 2162 723 2191 ,
747 2121 1001 2198 arvisque
1019 2123 1208 2178 volant
1226 2141 1240 2176 ε
1264 2133 1423 2176 sonat
1437 2119 1597 2175 avius
1614 2117 1804 2173 aether.

300 2203 340 2256 J
342 2223 430 2257 am
450 2206 661 2260 Borean
679 2206 996 2284 imbresque
1017 2209 1165 2284 pati,
1186 2210 1302 2282 jam
1317 2226 1456 2262 nare
1478 2203 1677 2259 solutis

303 2287 598 2356 Amnibus‚
625 2303 679 2346 et
704 2291 855 2347 nudo
880 2294 1036 2367 juvat
1061 2294 1318 2359 aestivare
1344 2289 1448 2345 sub
1471 2290 1684 2343 Haemo.

375 2373 484 2428 Hic
517 2393 706 2434 rursus
733 2376 895 2435 simili
923 2396 1230 2455 procerum
1253 2375 1499 2432 vallante
1530 2391 1738 2428 corona

300 2461 433 2514 Dux
457 2460 834 2533 Talaionides,
863 2463 1100 2537 antiqua
1126 2474 1190 2515 ut
1216 2462 1359 2516 forte
1388 2459 1488 2514 sub
1517 2476 1655 2512 orno

300 2543 494 2600 Stabat
510 2587 526 2616 ,
558 2561 613 2602 et
636 2549 849 2605 admoti
873 2548 1042 2602 nixus
1067 2543 1353 2621 Polynicis
1373 2543 1428 2618 in
1449 2543 1697 2599 hastam:

380 2653 407 2682 «
427 2631 505 2686 At
523 2643 743 2702 tamen,
771 2654 804 2688 o
834 2650 1183 2707 quaecunque
1221 2649 1310 2700 eS,
1343 2629 1446 2698 ait,
1476 2627 1571 2682 eui
1597 2623 1771 2697 gloria

520 2729 679 2773 tanta
1130 2756 1133 2761 ·

305 2800 622 2874 “Venimus
641 2801 943 2856 innumerae
968 2800 1149 2852 fatum
1172 2795 1381 2851 debere
1402 2794 1661 2873 cohortes
1675 2839 1692 2868 ‚

301 2882 527 2957 «Quem
559 2906 674 2941 non
711 2887 829 2959 ipse
866 2880 1053 2938 Deum
1091 2892 1242 2937 sator
1280 2895 1613 2958 aspernetur

516 2971 788 3026 honorem
814 3012 831 3039 ‚
1421 3034 1426 3035 γ

238 3133 245 3143 ¹
299 3079 330 3109 ιι
351 3055 457 3111 Dic
479 3074 579 3130 age
602 3051 861 3132 (quando
888 3051 998 3110 tuis
1025 3051 1236 3115 alacres
1264 3054 1584 3115 adsistimus
1604 3055 1805 3136 undis)

1755 3148 1792 3169 Χ
