2079 3613
515 297 628 371 554
748 297 1195 358 martenum,
1249 297 1392 344 Lm.
1442 298 1553 345 x1.
1697 284 1821 356 343

317 395 474 453 Stare
504 395 741 472 gradus:
771 393 872 450 sed
896 404 1100 472 sponte
1126 392 1267 461 ruit,
1294 388 1657 466 fraudemque

542 500 867 558 supremam

314 564 383 618 In
413 564 599 621 media
626 567 741 640 jam
765 576 946 620 morte
971 576 1156 640 parat.
1187 561 1444 618 Clamore
1473 560 1761 618 Cithaeron

322 650 601 724 Erigitur,
627 652 913 725 fraterque
939 663 1093 705 ratus
1121 647 1315 706 vicisse
1332 689 1347 717 ‚
1372 646 1587 705 levavit..

314 732 409 788 Ad
436 734 637 791 coelum
655 729 872 810 palmas
890 756 902 788 ι
931 758 959 787 «
975 736 1119 792 Bene
1138 732 1313 789 habet
1331 738 1344 790 !
1364 752 1480 789 non
1499 731 1655 787 irrita
1673 733 1823 788 vovi:

314 839 339 866 «
368 818 553 874 Cerno
580 837 777 894 graves
813 817 1037 889 ocuIOS‚
1071 832 1241 894 atque
1273 838 1371 874 ora
1398 817 1650 874 natantia
1674 814 1823 872 leto!

317 924 344 952 «
367 904 490 958 Huc
516 903 717 978 aliquis
742 923 990 980 propere
1016 917 1328 980 sceptrum,
1361 915 1533 979 atque
1558 901 1777 978 insigne

257 1057 268 1060 -
531 1005 817 1042 comarum
837 1027 854 1055 ,

229 1057 248 1064 ³
318 1095 351 1121 κ
372 1075 520 1125 Dum
549 1068 725 1128 fidet.
749 1095 776 1124 ι)
805 1074 938 1127 Haec
966 1069 1162 1128 dicens
1186 1089 1405 1148 gressus
1427 1069 1704 1141 admovit,
1731 1082 1788 1126 et

542 1175 688 1210 arma
712 1197 728 1226 ,

313 1241 479 1313 (Ceu
510 1240 731 1316 templis
756 1239 930 1296 decus
956 1254 1014 1296 et
1038 1241 1234 1316 patrioe
1257 1239 1470 1297 laturus
1497 1243 1688 1299 ovanti
1709 1245 1764 1313 ‚)

310 1329 482 1380 Arma
510 1324 677 1381 etiam
699 1323 945 1400 spoliare
972 1325 1155 1399 cupit.
1178 1327 1440 1385 Nondum
1465 1327 1557 1384 ille
1574 1329 1822 1403 peractis

308 1409 571 1465 Manibus
590 1451 605 1478 ‚
636 1408 864 1466 ultrices
889 1410 1131 1464 animam
1158 1413 1414 1467 servabat
1439 1413 1499 1471 in
1516 1413 1658 1483 iras;
1894 1411 1905 1417 ⁸

307 1495 494 1569 thue
524 1507 934 1568 superstantem
953 1535 969 1566 ,
995 1515 1352 1571 pronumque
1375 1497 1431 1553 in
1458 1510 1692 1573 pectore

523 1591 724 1648 sensit,

307 1661 481 1736 Erigit
507 1664 720 1723 occulte
747 1666 955 1722 ferrum
973 1705 989 1734 ,
1023 1663 1263 1742 vitaeque
1285 1662 1523 1721 labantis

306 1745 617 1823 Relliquias
644 1762 841 1805 tenues
866 1750 997 1806 odio
1027 1748 1339 1827 supplevit;
1368 1762 1421 1804 et
1441 1769 1634 1805 ensem

304 1833 343 1888 J
346 1854 435 1887 am
455 1831 609 1891 laetus
637 1836 810 1892 frater
834 1834 1025 1891 fratris
1046 1835 1151 1892 sub
1176 1834 1347 1891 corde
1373 1833 1615 1908 reliquit.

309 1919 410 1976 nte
436 1934 628 1978 autem
650 1943 662 1977 ε
690 1945 718 1975 «
739 1922 974 1981 Vivisne
992 1960 1009 1993 ,
1039 1934 1097 1977 et
1119 1919 1304 1977 adhue
1327 1934 1514 1978 manet
1540 1922 1619 1977 ira

527 2020 813 2084 superstes
830 2006 858 2064 ‘t'

311 2112 340 2142 «
361 2089 582 2147 Perfide
601 2134 616 2161 ,
648 2113 755 2149 nec
773 2093 938 2151 sedes
962 2113 1208 2170 unquam
1231 2092 1494 2150 meriture
1522 2094 1739 2169 quietas
1756 2136 1775 2166 ,

312 2200 340 2228 α
361 2178 391 2231 Ι
410 2196 632 2234 mecum
651 2179 725 2235 ad
748 2200 975 2238 manes:
1005 2180 1119 2239 illic
1145 2199 1375 2257 quoque
1403 2193 1573 2255 pacta

510 2283 834 2339 reposcam,

263 2413 280 2417 q
306 2368 335 2399 cc
364 2345 454 2424 (Si
477 2349 647 2404 modo
674 2352 957 2446 Agenorei
982 2364 1093 2408 stat
1118 2353 1359 2411 Gnossia
1386 2351 1589 2428 judicis
1624 2371 1764 2407 urna
1788 2393 1808 2423 ,

310 2454 339 2484 α
361 2437 486 2502 Qua
508 2451 668 2506 reges
692 2434 893 2508 punire
920 2434 1104 2491 datur.
1122 2435 1188 2515 )»
1220 2440 1340 2494 Nec
1366 2440 1527 2513 plura
1550 2437 1767 2493 locutus
1790 2477 1806 2506 ‚

302 2513 597 2584 Concidit,
627 2528 683 2571 et
701 2518 832 2572 totis
856 2520 1088 2574 fratrem
1115 2523 1301 2595 gravis
1327 2523 1429 2577 ob1
1431 2535 1513 2577 uit
1534 2521 1722 2576 armis.

376 2602 499 2668 Ite,
527 2612 715 2657 truces
735 2602 953 2669 animae,
988 2605 1320 2681 funestaque
1344 2611 1392 2660 T
1397 2627 1456 2661 ai
1460 2619 1575 2661 tara
1594 2605 1709 2660 leto

300 2684 536 2742 Polluite
558 2727 575 2756 ,
605 2698 663 2742 et
689 2701 915 2745 cunctas
936 2689 1102 2745 Erebi
1130 2690 1434 2747 consumite
1462 2709 1675 2766 poenas,

305 2775 531 2847 Vosque
557 2771 715 2828 malis
733 2772 1022 2831 hominum
1041 2775 1240 2853 Stygiae
1258 2778 1368 2851 jam
1392 2774 1607 2853 parcite
1623 2817 1641 2848 .‚

524 2860 685 2917 Divae
708 2878 724 2915 z

300 2943 571 3002 Omnibus
593 2946 652 3002 in
678 2946 843 3004 terris
866 2946 1043 3005 scelus
1061 2947 1174 3005 hoc
1193 2989 1208 3019 ,
1233 2946 1493 3023 omnique
1516 2946 1620 3004 sub
1644 2969 1764 3009 aevo

297 3029 520 3086 Viderit
541 3051 650 3088 una
676 3033 827 3107 dies,
857 3046 1284 3111 monstrumque
1310 3033 1518 3092 infame
1543 3036 1748 3092 futuris
1768 3074 1779 3083 „

1744 3212 1945 3381 r
