<?xml version="1.0" encoding="UTF-8"?>
<!DOCTYPE html PUBLIC "-//W3C//DTD XHTML 1.0 Transitional//EN"
    "http://www.w3.org/TR/xhtml1/DTD/xhtml1-transitional.dtd">
<html xmlns="http://www.w3.org/1999/xhtml" xml:lang="en" lang="en">
 <head>
  <title>
</title>
<meta http-equiv="Content-Type" content="text/html;charset=utf-8" />
  <meta name='ocr-system' content='tesseract 3.04.00' />
  <meta name='ocr-capabilities' content='ocr_page ocr_carea ocr_par ocr_line ocrx_word'/>
</head>
<body>
  <div class='ocr_page' id='page_1' title='image "./operaadoptimeed00statgoog/operaadoptimeed00statgoog_0153.png"; bbox 0 0 2079 3613; ppageno 0'>
   <div class='ocr_carea' id='block_1_1' title="bbox 498 255 1854 329">
    <p class='ocr_par' dir='ltr' id='par_1_1' title="bbox 498 255 1854 329">
     <span class='ocr_line' id='line_1_1' title="bbox 498 255 1854 329; baseline -0.001 -21"><span class='ocrx_word' id='word_1_1' title='bbox 498 259 606 316; x_wconf 77' lang='lat'><strong>516</strong></span> <span class='ocrx_word' id='word_1_2' title='bbox 744 255 1193 317; x_wconf 72' lang='grc' dir='ltr'>ΤΗΕΒΑῙΒοε,</span> <span class='ocrx_word' id='word_1_3' title='bbox 1247 257 1394 306; x_wconf 75' lang='lat' dir='ltr'><strong>Lm.</strong></span> <span class='ocrx_word' id='word_1_4' title='bbox 1493 259 1567 305; x_wconf 79' lang='lat' dir='ltr'><strong>v,</strong></span> <span class='ocrx_word' id='word_1_5' title='bbox 1733 267 1854 329; x_wconf 86' lang='lat'><strong>¹27</strong></span> 
     </span>
    </p>
   </div>
   <div class='ocr_carea' id='block_1_2' title="bbox 362 353 1876 2468">
    <p class='ocr_par' dir='ltr' id='par_1_2' title="bbox 367 353 1854 433">
     <span class='ocr_line' id='line_1_2' title="bbox 367 353 1854 433; baseline 0.002 -24"><span class='ocrx_word' id='word_1_6' title='bbox 367 380 397 409; x_wconf 79' lang='grc' dir='ltr'><strong>α</strong></span> <span class='ocrx_word' id='word_1_7' title='bbox 416 358 503 413; x_wconf 89' lang='lat' dir='ltr'><strong>Ac</strong></span> <span class='ocrx_word' id='word_1_8' title='bbox 518 376 695 433; x_wconf 85' lang='lat' dir='ltr'>prope</span> <span class='ocrx_word' id='word_1_9' title='bbox 716 369 906 413; x_wconf 86' lang='lat' dir='ltr'><strong>moesta</strong></span> <span class='ocrx_word' id='word_1_10' title='bbox 925 374 1142 429; x_wconf 85' lang='lat' dir='ltr'><strong>rogum,</strong></span> <span class='ocrx_word' id='word_1_11' title='bbox 1167 353 1414 410; x_wconf 81' lang='lat' dir='ltr'><strong>confusis</strong></span> <span class='ocrx_word' id='word_1_12' title='bbox 1432 354 1657 430; x_wconf 81' lang='lat' dir='ltr'>ignibus</span> <span class='ocrx_word' id='word_1_13' title='bbox 1672 354 1854 426; x_wconf 83' lang='lat' dir='ltr'><strong>adsto,</strong></span> 
     </span>
    </p>

    <p class='ocr_par' dir='ltr' id='par_1_3' title="bbox 365 437 1842 515">
     <span class='ocr_line' id='line_1_3' title="bbox 365 437 1842 515; baseline -0.001 -22"><span class='ocrx_word' id='word_1_14' title='bbox 365 464 395 493; x_wconf 85' lang='lat'>«</span> <span class='ocrx_word' id='word_1_15' title='bbox 415 442 555 499; x_wconf 85' lang='lat' dir='ltr'><strong>Ense</strong></span> <span class='ocrx_word' id='word_1_16' title='bbox 576 452 903 510; x_wconf 85' lang='lat' dir='ltr'><strong>cruentato;</strong></span> <span class='ocrx_word' id='word_1_17' title='bbox 932 439 1305 515; x_wconf 85' lang='lat' dir='ltr'>fraudemque</span> <span class='ocrx_word' id='word_1_18' title='bbox 1336 452 1394 496; x_wconf 90' lang='lat' dir='ltr'><strong>et</strong></span> <span class='ocrx_word' id='word_1_19' title='bbox 1417 437 1602 495; x_wconf 89' lang='lat' dir='ltr'><strong>inania</strong></span> <span class='ocrx_word' id='word_1_20' title='bbox 1621 440 1782 497; x_wconf 80' lang='lat' dir='ltr'><strong>busta</strong></span> <span class='ocrx_word' id='word_1_21' title='bbox 1839 487 1842 492; x_wconf 92' lang='lat'>.</span> 
     </span>
    </p>

    <p class='ocr_par' dir='ltr' id='par_1_4' title="bbox 370 525 1814 688">
     <span class='ocr_line' id='line_1_4' title="bbox 370 525 1814 602; baseline -0.001 -22"><span class='ocrx_word' id='word_1_22' title='bbox 370 549 400 580; x_wconf 72' lang='grc' dir='ltr'><strong>α</strong></span> <span class='ocrx_word' id='word_1_23' title='bbox 418 526 621 602; x_wconf 87' lang='lat' dir='ltr'><strong>Plango</strong></span> <span class='ocrx_word' id='word_1_24' title='bbox 654 537 844 595; x_wconf 85' lang='lat' dir='ltr'><strong>metu,</strong></span> <span class='ocrx_word' id='word_1_25' title='bbox 873 544 944 581; x_wconf 87' lang='lat' dir='ltr'><strong>ne</strong></span> <span class='ocrx_word' id='word_1_26' title='bbox 974 525 1120 581; x_wconf 84' lang='lat' dir='ltr'><strong>forte</strong></span> <span class='ocrx_word' id='word_1_27' title='bbox 1152 535 1413 599; x_wconf 82' lang='lat' dir='ltr'><strong>premant</strong></span> <span class='ocrx_word' id='word_1_28' title='bbox 1435 563 1452 593; x_wconf 86' lang='lat'><strong>,</strong></span> <span class='ocrx_word' id='word_1_29' title='bbox 1489 541 1814 599; x_wconf 84' lang='lat' dir='ltr'><strong>cassumque</strong></span> 
     </span>
     <span class='ocr_line' id='line_1_5' title="bbox 587 610 809 688; baseline -0.014 -20"><span class='ocrx_word' id='word_1_30' title='bbox 587 610 809 688; x_wconf 83' lang='lat' dir='ltr'><strong>parenti</strong></span> 
     </span>
    </p>

    <p class='ocr_par' dir='ltr' id='par_1_5' title="bbox 366 692 1748 772">
     <span class='ocr_line' id='line_1_6' title="bbox 366 692 1748 772; baseline -0.003 -21"><span class='ocrx_word' id='word_1_31' title='bbox 366 722 393 751; x_wconf 73' lang='grc' dir='ltr'><strong>α</strong></span> <span class='ocrx_word' id='word_1_32' title='bbox 414 701 595 755; x_wconf 83' lang='lat' dir='ltr'><strong>Omen</strong></span> <span class='ocrx_word' id='word_1_33' title='bbox 616 710 673 755; x_wconf 90' lang='lat' dir='ltr'><strong>et</strong></span> <span class='ocrx_word' id='word_1_34' title='bbox 688 696 798 772; x_wconf 74' lang='lat' dir='ltr'><strong>bac</strong></span> <span class='ocrx_word' id='word_1_35' title='bbox 817 694 1022 752; x_wconf 88' lang='lat' dir='ltr'><strong>dubios</strong></span> <span class='ocrx_word' id='word_1_36' title='bbox 1043 694 1144 752; x_wconf 87' lang='lat' dir='ltr'><strong>leti</strong></span> <span class='ocrx_word' id='word_1_37' title='bbox 1165 712 1371 770; x_wconf 84' lang='lat' dir='ltr'><strong>precor</strong></span> <span class='ocrx_word' id='word_1_38' title='bbox 1390 692 1474 749; x_wconf 88' lang='lat' dir='ltr'><strong>ire</strong></span> <span class='ocrx_word' id='word_1_39' title='bbox 1500 693 1748 749; x_wconf 82' lang='lat' dir='ltr'><strong>timores.</strong></span> 
     </span>
    </p>

    <p class='ocr_par' dir='ltr' id='par_1_6' title="bbox 366 776 1720 857">
     <span class='ocr_line' id='line_1_7' title="bbox 366 776 1720 857; baseline -0.002 -22"><span class='ocrx_word' id='word_1_40' title='bbox 366 807 394 835; x_wconf 72' lang='grc' dir='ltr'>κ</span> <span class='ocrx_word' id='word_1_41' title='bbox 415 781 518 838; x_wconf 87' lang='lat' dir='ltr'><strong>His</strong></span> <span class='ocrx_word' id='word_1_42' title='bbox 537 780 672 837; x_wconf 88' lang='lat' dir='ltr'><strong>mihi</strong></span> <span class='ocrx_word' id='word_1_43' title='bbox 694 799 799 857; x_wconf 89' lang='lat' dir='ltr'><strong>pro</strong></span> <span class='ocrx_word' id='word_1_44' title='bbox 819 779 1032 837; x_wconf 86' lang='lat' dir='ltr'><strong>meritis</strong></span> <span class='ocrx_word' id='word_1_45' title='bbox 1046 822 1064 850; x_wconf 90' lang='lat'>‚</span> <span class='ocrx_word' id='word_1_46' title='bbox 1095 793 1158 837; x_wconf 88' lang='lat' dir='ltr'><strong>ut</strong></span> <span class='ocrx_word' id='word_1_47' title='bbox 1179 777 1300 836; x_wconf 85' lang='lat' dir='ltr'><strong>falsi</strong></span> <span class='ocrx_word' id='word_1_48' title='bbox 1322 776 1570 834; x_wconf 89' lang='lat' dir='ltr'><strong>criminis</strong></span> <span class='ocrx_word' id='word_1_49' title='bbox 1593 788 1720 833; x_wconf 81' lang='lat' dir='ltr'><strong>astu</strong></span> 
     </span>
    </p>

    <p class='ocr_par' dir='ltr' id='par_1_7' title="bbox 365 860 1758 944">
     <span class='ocr_line' id='line_1_8' title="bbox 365 860 1758 944; baseline -0.002 -23"><span class='ocrx_word' id='word_1_50' title='bbox 365 892 396 921; x_wconf 76' lang='grc' dir='ltr'><strong>α</strong></span> <span class='ocrx_word' id='word_1_51' title='bbox 417 868 581 924; x_wconf 88' lang='lat' dir='ltr'><strong>Parta</strong></span> <span class='ocrx_word' id='word_1_52' title='bbox 606 865 748 922; x_wconf 84' lang='lat' dir='ltr'><strong>fides</strong></span> <span class='ocrx_word' id='word_1_53' title='bbox 768 907 782 935; x_wconf 91' lang='lat'><strong>,</strong></span> <span class='ocrx_word' id='word_1_54' title='bbox 808 885 980 944; x_wconf 86' lang='lat' dir='ltr'><strong>regno</strong></span> <span class='ocrx_word' id='word_1_55' title='bbox 1007 878 1068 922; x_wconf 91' lang='lat' dir='ltr'><strong>et</strong></span> <span class='ocrx_word' id='word_1_56' title='bbox 1098 862 1237 928; x_wconf 87' lang='lat' dir='ltr'><strong>solio</strong></span> <span class='ocrx_word' id='word_1_57' title='bbox 1266 860 1553 919; x_wconf 89' lang='lat' dir='ltr'><strong>considere</strong></span> <span class='ocrx_word' id='word_1_58' title='bbox 1578 860 1758 938; x_wconf 84' lang='lat' dir='ltr'><strong>patris</strong></span> 
     </span>
    </p>

    <p class='ocr_par' dir='ltr' id='par_1_8' title="bbox 366 940 1868 1029">
     <span class='ocr_line' id='line_1_9' title="bbox 366 940 1868 1029; baseline -0.003 -23"><span class='ocrx_word' id='word_1_59' title='bbox 366 978 395 1006; x_wconf 71' lang='grc' dir='ltr'>κ</span> <span class='ocrx_word' id='word_1_60' title='bbox 416 952 769 1029; x_wconf 83' lang='lat' dir='ltr'><strong>Supplicium</strong></span> <span class='ocrx_word' id='word_1_61' title='bbox 795 954 982 1009; x_wconf 90' lang='lat' dir='ltr'><strong>datur.</strong></span> <span class='ocrx_word' id='word_1_62' title='bbox 1008 953 1174 1007; x_wconf 91' lang='lat' dir='ltr'><strong>Anne</strong></span> <span class='ocrx_word' id='word_1_63' title='bbox 1193 948 1298 1006; x_wconf 86' lang='lat' dir='ltr'><strong>illis</strong></span> <span class='ocrx_word' id='word_1_64' title='bbox 1314 947 1539 1005; x_wconf 89' lang='lat' dir='ltr'><strong>obsessa</strong></span> <span class='ocrx_word' id='word_1_65' title='bbox 1558 964 1823 1025; x_wconf 87' lang='lat' dir='ltr'><strong>negarem</strong></span> <span class='ocrx_word' id='word_1_66' title='bbox 1839 940 1868 1002; x_wconf 68' lang='grc' dir='ltr'><em>ἶ</em></span> 
     </span>
    </p>

    <p class='ocr_par' dir='ltr' id='par_1_9' title="bbox 363 1034 1751 1111">
     <span class='ocr_line' id='line_1_10' title="bbox 363 1034 1751 1111; baseline -0.001 -19"><span class='ocrx_word' id='word_1_67' title='bbox 363 1063 394 1092; x_wconf 69' lang='lat' dir='ltr'><strong>a</strong></span> <span class='ocrx_word' id='word_1_68' title='bbox 415 1036 679 1105; x_wconf 87' lang='lat' dir='ltr'><strong>Accessi,</strong></span> <span class='ocrx_word' id='word_1_69' title='bbox 702 1056 845 1111; x_wconf 84' lang='lat' dir='ltr'><strong>saepe</strong></span> <span class='ocrx_word' id='word_1_70' title='bbox 869 1047 997 1090; x_wconf 83' lang='lat' dir='ltr'><strong>ante</strong></span> <span class='ocrx_word' id='word_1_71' title='bbox 1017 1038 1167 1091; x_wconf 90' lang='lat' dir='ltr'><strong>Deos</strong></span> <span class='ocrx_word' id='word_1_72' title='bbox 1188 1044 1391 1088; x_wconf 84' lang='lat' dir='ltr'><strong>testata</strong></span> <span class='ocrx_word' id='word_1_73' title='bbox 1405 1074 1420 1101; x_wconf 91' lang='lat'>‚</span> <span class='ocrx_word' id='word_1_74' title='bbox 1444 1034 1719 1110; x_wconf 87' lang='lat' dir='ltr'><strong>fidemque</strong></span> <span class='ocrx_word' id='word_1_75' title='bbox 1734 1075 1751 1104; x_wconf 87' lang='lat'>‚</span> 
     </span>
    </p>

    <p class='ocr_par' dir='ltr' id='par_1_10' title="bbox 363 1116 1675 1284">
     <span class='ocr_line' id='line_1_11' title="bbox 363 1116 1675 1195; baseline -0.002 -18"><span class='ocrx_word' id='word_1_76' title='bbox 363 1147 394 1177; x_wconf 73' lang='grc' dir='ltr'><strong>α</strong></span> <span class='ocrx_word' id='word_1_77' title='bbox 415 1119 838 1195; x_wconf 75' lang='lat' dir='ltr'><strong>Immeritasque</strong></span> <span class='ocrx_word' id='word_1_78' title='bbox 873 1138 1089 1175; x_wconf 78' lang='lat' dir='ltr'><strong>manus·</strong></span> <span class='ocrx_word' id='word_1_79' title='bbox 1126 1117 1310 1176; x_wconf 85' lang='lat' dir='ltr'><strong>subeo</strong></span> <span class='ocrx_word' id='word_1_80' title='bbox 1354 1116 1507 1194; x_wconf 89' lang='lat' dir='ltr'><strong>(pro</strong></span> <span class='ocrx_word' id='word_1_81' title='bbox 1551 1119 1675 1175; x_wconf 85' lang='lat' dir='ltr'><strong>dira</strong></span> 
     </span>
     <span class='ocr_line' id='line_1_12' title="bbox 579 1200 908 1284; baseline -0.009 -22"><span class='ocrx_word' id='word_1_82' title='bbox 579 1218 831 1284; x_wconf 89' lang='lat' dir='ltr'><strong>potestas</strong></span> <span class='ocrx_word' id='word_1_83' title='bbox 854 1200 908 1281; x_wconf 88' lang='lat'><strong>!)</strong></span> 
     </span>
    </p>

    <p class='ocr_par' dir='ltr' id='par_1_11' title="bbox 362 1285 1872 1433">
     <span class='ocr_line' id='line_1_13' title="bbox 362 1285 1872 1370; baseline -0.003 -21"><span class='ocrx_word' id='word_1_84' title='bbox 362 1317 395 1349; x_wconf 78' lang='grc' dir='ltr'><strong>α</strong></span> <span class='ocrx_word' id='word_1_85' title='bbox 415 1295 709 1370; x_wconf 82' lang='lat' dir='ltr'><strong>Exsangue</strong></span> <span class='ocrx_word' id='word_1_86' title='bbox 734 1289 1066 1368; x_wconf 82' lang='lat' dir='ltr'><strong>imperium,</strong></span> <span class='ocrx_word' id='word_1_87' title='bbox 1105 1302 1161 1347; x_wconf 89' lang='lat' dir='ltr'><strong>et</strong></span> <span class='ocrx_word' id='word_1_88' title='bbox 1193 1301 1445 1350; x_wconf 77' lang='lat' dir='ltr'><strong>moestam</strong></span> <span class='ocrx_word' id='word_1_89' title='bbox 1475 1288 1597 1345; x_wconf 88' lang='lat' dir='ltr'><strong>sine</strong></span> <span class='ocrx_word' id='word_1_90' title='bbox 1627 1285 1872 1346; x_wconf 77' lang='lat' dir='ltr'><strong>culmine</strong></span> 
     </span>
     <span class='ocr_line' id='line_1_14' title="bbox 584 1377 858 1433; baseline -0.007 -1"><span class='ocrx_word' id='word_1_91' title='bbox 584 1377 858 1433; x_wconf 87' lang='lat' dir='ltr'><strong>Lemnon.</strong></span> 
     </span>
    </p>

    <p class='ocr_par' dir='ltr' id='par_1_12' title="bbox 367 1459 1783 1616">
     <span class='ocr_line' id='line_1_15' title="bbox 367 1459 1783 1539; baseline -0.001 -21"><span class='ocrx_word' id='word_1_92' title='bbox 367 1487 396 1518; x_wconf 72' lang='grc' dir='ltr'><strong><em>κ</em></strong></span> <span class='ocrx_word' id='word_1_93' title='bbox 414 1465 451 1522; x_wconf 87' lang='lat' dir='ltr'><strong>J</strong></span> <span class='ocrx_word' id='word_1_94' title='bbox 454 1483 544 1520; x_wconf 85' lang='lat' dir='ltr'><strong>am</strong></span> <span class='ocrx_word' id='word_1_95' title='bbox 567 1461 742 1536; x_wconf 86' lang='lat' dir='ltr'><strong>magis</strong></span> <span class='ocrx_word' id='word_1_96' title='bbox 766 1473 937 1539; x_wconf 84' lang='lat' dir='ltr'><strong>atque</strong></span> <span class='ocrx_word' id='word_1_97' title='bbox 963 1459 1139 1538; x_wconf 82' lang='lat' dir='ltr'><strong>magis</strong></span> <span class='ocrx_word' id='word_1_98' title='bbox 1163 1460 1364 1538; x_wconf 84' lang='lat' dir='ltr'><strong>vigiles</strong></span> <span class='ocrx_word' id='word_1_99' title='bbox 1391 1459 1554 1518; x_wconf 89' lang='lat' dir='ltr'><strong>dolor</strong></span> <span class='ocrx_word' id='word_1_100' title='bbox 1579 1480 1783 1535; x_wconf 85' lang='lat' dir='ltr'><strong>angere</strong></span> 
     </span>
     <span class='ocr_line' id='line_1_16' title="bbox 587 1567 813 1616; baseline -0.004 -13"><span class='ocrx_word' id='word_1_101' title='bbox 587 1567 779 1604; x_wconf 89' lang='lat' dir='ltr'><strong>sensus</strong></span> <span class='ocrx_word' id='word_1_102' title='bbox 796 1588 813 1616; x_wconf 87' lang='lat'>‚</span> 
     </span>
    </p>

    <p class='ocr_par' dir='ltr' id='par_1_13' title="bbox 368 1630 1792 1707">
     <span class='ocr_line' id='line_1_17' title="bbox 368 1630 1792 1707; baseline 0.001 -23"><span class='ocrx_word' id='word_1_103' title='bbox 368 1655 397 1684; x_wconf 77' lang='grc' dir='ltr'><strong>α</strong></span> <span class='ocrx_word' id='word_1_104' title='bbox 416 1631 486 1688; x_wconf 88' lang='lat' dir='ltr'><strong>Et</strong></span> <span class='ocrx_word' id='word_1_105' title='bbox 511 1631 746 1707; x_wconf 83' lang='lat' dir='ltr'><strong>gemitus</strong></span> <span class='ocrx_word' id='word_1_106' title='bbox 772 1630 938 1700; x_wconf 87' lang='lat' dir='ltr'><strong>clari,</strong></span> <span class='ocrx_word' id='word_1_107' title='bbox 964 1642 1021 1686; x_wconf 92' lang='lat' dir='ltr'><strong>et</strong></span> <span class='ocrx_word' id='word_1_108' title='bbox 1053 1630 1324 1706; x_wconf 76' lang='lat' dir='ltr'><strong>paulatim</strong></span> <span class='ocrx_word' id='word_1_109' title='bbox 1346 1630 1522 1688; x_wconf 88' lang='lat' dir='ltr'><strong>invisa</strong></span> <span class='ocrx_word' id='word_1_110' title='bbox 1548 1632 1792 1707; x_wconf 84' lang='lat' dir='ltr'><strong>Polyxo;</strong></span> 
     </span>
    </p>

    <p class='ocr_par' dir='ltr' id='par_1_14' title="bbox 369 1714 1876 1793">
     <span class='ocr_line' id='line_1_18' title="bbox 369 1714 1876 1793; baseline 0.003 -24"><span class='ocrx_word' id='word_1_111' title='bbox 369 1739 400 1769; x_wconf 75' lang='lat' dir='ltr'><strong>&lt;c</strong></span> <span class='ocrx_word' id='word_1_112' title='bbox 417 1715 454 1772; x_wconf 87' lang='lat' dir='ltr'><strong>J</strong></span> <span class='ocrx_word' id='word_1_113' title='bbox 458 1734 547 1770; x_wconf 85' lang='lat' dir='ltr'><strong>am</strong></span> <span class='ocrx_word' id='word_1_114' title='bbox 568 1714 881 1772; x_wconf 82' lang='lat' dir='ltr'><strong>meminisse</strong></span> <span class='ocrx_word' id='word_1_115' title='bbox 902 1714 1061 1771; x_wconf 85' lang='lat' dir='ltr'><strong>nefas</strong></span> <span class='ocrx_word' id='word_1_116' title='bbox 1078 1717 1223 1790; x_wconf 85' lang='lat' dir='ltr'><strong>:jam</strong></span> <span class='ocrx_word' id='word_1_117' title='bbox 1241 1734 1450 1793; x_wconf 77' lang='lat' dir='ltr'><strong>ponere</strong></span> <span class='ocrx_word' id='word_1_118' title='bbox 1471 1715 1734 1773; x_wconf 79' lang='lat' dir='ltr'><strong>Manibus</strong></span> <span class='ocrx_word' id='word_1_119' title='bbox 1750 1734 1876 1774; x_wconf 73' lang='lat' dir='ltr'><strong>aras</strong></span> 
     </span>
    </p>

    <p class='ocr_par' dir='ltr' id='par_1_15' title="bbox 369 1796 1872 1875">
     <span class='ocr_line' id='line_1_19' title="bbox 369 1796 1872 1875; baseline 0.001 -22"><span class='ocrx_word' id='word_1_120' title='bbox 369 1823 400 1853; x_wconf 76' lang='grc' dir='ltr'><strong>α</strong></span> <span class='ocrx_word' id='word_1_121' title='bbox 421 1798 766 1854; x_wconf 86' lang='lat' dir='ltr'><strong>Concessum</strong></span> <span class='ocrx_word' id='word_1_122' title='bbox 781 1838 798 1867; x_wconf 86' lang='lat'><strong>‚</strong></span> <span class='ocrx_word' id='word_1_123' title='bbox 822 1810 876 1853; x_wconf 86' lang='lat' dir='ltr'><strong>et</strong></span> <span class='ocrx_word' id='word_1_124' title='bbox 893 1796 1130 1854; x_wconf 78' lang='lat' dir='ltr'><strong>multum</strong></span> <span class='ocrx_word' id='word_1_125' title='bbox 1157 1798 1379 1856; x_wconf 83' lang='lat' dir='ltr'><strong>cineres</strong></span> <span class='ocrx_word' id='word_1_126' title='bbox 1395 1803 1581 1875; x_wconf 83' lang='lat' dir='ltr'><strong>jurare</strong></span> <span class='ocrx_word' id='word_1_127' title='bbox 1602 1798 1872 1875; x_wconf 75' lang='lat' dir='ltr'><strong>sepultos.</strong></span> 
     </span>
    </p>

    <p class='ocr_par' dir='ltr' id='par_1_16' title="bbox 368 1878 1867 1958">
     <span class='ocr_line' id='line_1_20' title="bbox 368 1878 1867 1958; baseline 0.003 -21"><span class='ocrx_word' id='word_1_128' title='bbox 368 1908 396 1937; x_wconf 75' lang='grc' dir='ltr'><strong><em>κ</em></strong></span> <span class='ocrx_word' id='word_1_129' title='bbox 417 1882 509 1941; x_wconf 88' lang='lat' dir='ltr'><strong>Sic</strong></span> <span class='ocrx_word' id='word_1_130' title='bbox 529 1882 628 1939; x_wconf 90' lang='lat' dir='ltr'><strong>ubi</strong></span> <span class='ocrx_word' id='word_1_131' title='bbox 653 1878 949 1936; x_wconf 87' lang='lat' dir='ltr'><strong>ductorem</strong></span> <span class='ocrx_word' id='word_1_132' title='bbox 970 1885 1202 1957; x_wconf 81' lang='lat' dir='ltr'><strong>trepidae</strong></span> <span class='ocrx_word' id='word_1_133' title='bbox 1228 1883 1548 1958; x_wconf 75' lang='lat' dir='ltr'><strong>stabulique</strong></span> <span class='ocrx_word' id='word_1_134' title='bbox 1570 1885 1832 1942; x_wconf 83' lang='lat' dir='ltr'><strong>maritum</strong></span> <span class='ocrx_word' id='word_1_135' title='bbox 1848 1927 1867 1956; x_wconf 80' lang='lat'>‚</span> 
     </span>
    </p>

    <p class='ocr_par' dir='ltr' id='par_1_17' title="bbox 362 1963 1810 2045">
     <span class='ocr_line' id='line_1_21' title="bbox 362 1963 1810 2045; baseline 0.003 -24"><span class='ocrx_word' id='word_1_136' title='bbox 362 1992 391 2021; x_wconf 89' lang='lat'>«</span> <span class='ocrx_word' id='word_1_137' title='bbox 418 1972 602 2040; x_wconf 87' lang='lat' dir='ltr'><strong>Quem</strong></span> <span class='ocrx_word' id='word_1_138' title='bbox 620 1985 800 2043; x_wconf 90' lang='lat' dir='ltr'><strong>penes</strong></span> <span class='ocrx_word' id='word_1_139' title='bbox 819 1977 877 2023; x_wconf 90' lang='lat' dir='ltr'><strong>et</strong></span> <span class='ocrx_word' id='word_1_140' title='bbox 901 1963 1074 2022; x_wconf 78' lang='lat' dir='ltr'><strong>saltus</strong></span> <span class='ocrx_word' id='word_1_141' title='bbox 1093 1977 1152 2023; x_wconf 91' lang='lat' dir='ltr'><strong>et</strong></span> <span class='ocrx_word' id='word_1_142' title='bbox 1170 1968 1375 2025; x_wconf 81' lang='lat' dir='ltr'><strong>adultae</strong></span> <span class='ocrx_word' id='word_1_143' title='bbox 1397 1966 1572 2045; x_wconf 84' lang='lat' dir='ltr'><strong>gloria</strong></span> <span class='ocrx_word' id='word_1_144' title='bbox 1599 1969 1810 2044; x_wconf 85' lang='lat' dir='ltr'><strong>gentis,</strong></span> 
     </span>
    </p>

    <p class='ocr_par' dir='ltr' id='par_1_18' title="bbox 365 2053 1796 2132">
     <span class='ocr_line' id='line_1_22' title="bbox 365 2053 1796 2132; baseline 0.003 -25"><span class='ocrx_word' id='word_1_145' title='bbox 365 2077 394 2107; x_wconf 89' lang='lat'>«</span> <span class='ocrx_word' id='word_1_146' title='bbox 413 2056 660 2130; x_wconf 83' lang='lat' dir='ltr'><strong>Massylo</strong></span> <span class='ocrx_word' id='word_1_147' title='bbox 686 2053 865 2132; x_wconf 80' lang='lat' dir='ltr'><strong>frangi</strong></span> <span class='ocrx_word' id='word_1_148' title='bbox 891 2066 1161 2131; x_wconf 82' lang='lat' dir='ltr'><strong>stupuere</strong></span> <span class='ocrx_word' id='word_1_149' title='bbox 1186 2053 1290 2114; x_wconf 83' lang='lat' dir='ltr'><strong>sub</strong></span> <span class='ocrx_word' id='word_1_150' title='bbox 1316 2054 1480 2113; x_wconf 89' lang='lat' dir='ltr'><strong>hoste</strong></span> <span class='ocrx_word' id='word_1_151' title='bbox 1507 2055 1757 2129; x_wconf 77' lang='lat' dir='ltr'><strong>juvencae</strong></span> <span class='ocrx_word' id='word_1_152' title='bbox 1773 2073 1796 2112; x_wconf 82' lang='grc'>;</span> 
     </span>
    </p>

    <p class='ocr_par' dir='ltr' id='par_1_19' title="bbox 370 2138 1744 2302">
     <span class='ocr_line' id='line_1_23' title="bbox 370 2138 1744 2218; baseline 0.004 -26"><span class='ocrx_word' id='word_1_153' title='bbox 370 2161 399 2191; x_wconf 75' lang='grc' dir='ltr'><strong><em>α</em></strong></span> <span class='ocrx_word' id='word_1_154' title='bbox 422 2141 464 2193; x_wconf 74' lang='lat' dir='ltr'><strong>it</strong></span> <span class='ocrx_word' id='word_1_155' title='bbox 498 2149 753 2195; x_wconf 89' lang='lat' dir='ltr'><strong>truncum</strong></span> <span class='ocrx_word' id='word_1_156' title='bbox 785 2139 908 2195; x_wconf 88' lang='lat' dir='ltr'><strong>sine</strong></span> <span class='ocrx_word' id='word_1_157' title='bbox 942 2138 1161 2198; x_wconf 89' lang='lat' dir='ltr'><strong>honore</strong></span> <span class='ocrx_word' id='word_1_158' title='bbox 1194 2161 1401 2218; x_wconf 80' lang='lat' dir='ltr'><strong>pecuS,</strong></span> <span class='ocrx_word' id='word_1_159' title='bbox 1438 2159 1744 2218; x_wconf 84' lang='lat' dir='ltr'><strong>regemque</strong></span> 
     </span>
     <span class='ocr_line' id='line_1_24' title="bbox 583 2236 987 2302; baseline -0.002 -21"><span class='ocrx_word' id='word_1_160' title='bbox 583 2236 943 2302; x_wconf 87' lang='lat' dir='ltr'><strong>peremptum</strong></span> <span class='ocrx_word' id='word_1_161' title='bbox 982 2292 987 2293; x_wconf 14' lang='lat'><em>⁷</em></span> 
     </span>
    </p>

    <p class='ocr_par' dir='ltr' id='par_1_20' title="bbox 368 2308 1740 2468">
     <span class='ocr_line' id='line_1_25' title="bbox 368 2308 1740 2386; baseline 0.004 -24"><span class='ocrx_word' id='word_1_162' title='bbox 368 2331 398 2362; x_wconf 79' lang='grc' dir='ltr'><em>α</em></span> <span class='ocrx_word' id='word_1_163' title='bbox 420 2308 554 2385; x_wconf 89' lang='lat' dir='ltr'><strong>Ipse</strong></span> <span class='ocrx_word' id='word_1_164' title='bbox 593 2329 757 2384; x_wconf 86' lang='lat' dir='ltr'><strong>ager,</strong></span> <span class='ocrx_word' id='word_1_165' title='bbox 795 2308 905 2386; x_wconf 81' lang='lat' dir='ltr'><strong>ipsi</strong></span> <span class='ocrx_word' id='word_1_166' title='bbox 940 2330 1162 2383; x_wconf 86' lang='lat' dir='ltr'><strong>amnes,</strong></span> <span class='ocrx_word' id='word_1_167' title='bbox 1200 2321 1258 2368; x_wconf 88' lang='lat' dir='ltr'><strong>et</strong></span> <span class='ocrx_word' id='word_1_168' title='bbox 1291 2322 1447 2369; x_wconf 86' lang='lat' dir='ltr'><strong>muta</strong></span> <span class='ocrx_word' id='word_1_169' title='bbox 1485 2323 1740 2370; x_wconf 81' lang='lat' dir='ltr'><strong>armenta</strong></span> 
     </span>
     <span class='ocr_line' id='line_1_26' title="bbox 586 2407 916 2468; baseline 0.003 -19"><span class='ocrx_word' id='word_1_170' title='bbox 586 2407 916 2468; x_wconf 84' lang='lat' dir='ltr'><strong>queruntur.</strong></span> 
     </span>
    </p>
   </div>
   <div class='ocr_carea' id='block_1_3' title="bbox 366 2478 1820 2638">
    <p class='ocr_par' dir='ltr' id='par_1_21' title="bbox 366 2478 1820 2638">
     <span class='ocr_line' id='line_1_27' title="bbox 446 2478 1820 2559; baseline 0.009 -33"><span class='ocrx_word' id='word_1_171' title='bbox 446 2499 474 2525; x_wconf 78' lang='lat' dir='ltr'><strong>t&lt;</strong></span> <span class='ocrx_word' id='word_1_172' title='bbox 494 2478 641 2529; x_wconf 86' lang='lat' dir='ltr'><strong>Ecce</strong></span> <span class='ocrx_word' id='word_1_173' title='bbox 668 2489 855 2531; x_wconf 84' lang='lat' dir='ltr'><strong>autem</strong></span> <span class='ocrx_word' id='word_1_174' title='bbox 881 2491 1048 2534; x_wconf 82' lang='lat' dir='ltr'><strong>aerata</strong></span> <span class='ocrx_word' id='word_1_175' title='bbox 1072 2480 1376 2557; x_wconf 86' lang='lat' dir='ltr'><strong>dispellens</strong></span> <span class='ocrx_word' id='word_1_176' title='bbox 1405 2501 1629 2558; x_wconf 68' lang='lat' dir='ltr'><strong>mquora</strong></span> <span class='ocrx_word' id='word_1_177' title='bbox 1652 2501 1820 2559; x_wconf 87' lang='lat' dir='ltr'><strong>prora</strong></span> 
     </span>
     <span class='ocr_line' id='line_1_28' title="bbox 366 2556 1587 2638; baseline 0.007 -27"><span class='ocrx_word' id='word_1_178' title='bbox 366 2582 397 2611; x_wconf 74' lang='grc' dir='ltr'><strong>ιι</strong></span> <span class='ocrx_word' id='word_1_179' title='bbox 419 2556 596 2614; x_wconf 81' lang='lat' dir='ltr'><strong>Pelias</strong></span> <span class='ocrx_word' id='word_1_180' title='bbox 626 2556 826 2612; x_wconf 83' lang='lat' dir='ltr'><strong>intacti</strong></span> <span class='ocrx_word' id='word_1_181' title='bbox 854 2557 965 2614; x_wconf 85' lang='lat' dir='ltr'><strong>late</strong></span> <span class='ocrx_word' id='word_1_182' title='bbox 1001 2562 1150 2616; x_wconf 88' lang='lat' dir='ltr'><strong>subit</strong></span> <span class='ocrx_word' id='word_1_183' title='bbox 1175 2563 1399 2636; x_wconf 81' lang='lat' dir='ltr'><strong>hospita</strong></span> <span class='ocrx_word' id='word_1_184' title='bbox 1427 2566 1587 2638; x_wconf 84' lang='lat' dir='ltr'><strong>ponti</strong></span> 
     </span>
    </p>
   </div>
   <div class='ocr_carea' id='block_1_4' title="bbox 363 2639 1894 3050">
    <p class='ocr_par' dir='ltr' id='par_1_22' title="bbox 368 2639 1894 2784">
     <span class='ocr_line' id='line_1_29' title="bbox 368 2639 1894 2721; baseline 0.005 -25"><span class='ocrx_word' id='word_1_185' title='bbox 368 2665 397 2696; x_wconf 84' lang='grc'>«</span> <span class='ocrx_word' id='word_1_186' title='bbox 420 2639 585 2698; x_wconf 79' lang='lat' dir='ltr'><strong>Pinus</strong></span> <span class='ocrx_word' id='word_1_187' title='bbox 611 2661 623 2694; x_wconf 73' lang='grc' dir='ltr'><strong><em>ε</em></strong></span> <span class='ocrx_word' id='word_1_188' title='bbox 653 2652 824 2715; x_wconf 86' lang='lat' dir='ltr'><strong>agunt</strong></span> <span class='ocrx_word' id='word_1_189' title='bbox 848 2641 1079 2719; x_wconf 80' lang='lat' dir='ltr'><strong>Minyae.</strong></span> <span class='ocrx_word' id='word_1_190' title='bbox 1106 2644 1383 2701; x_wconf 83' lang='lat' dir='ltr'><strong>Geminus</strong></span> <span class='ocrx_word' id='word_1_191' title='bbox 1412 2648 1594 2721; x_wconf 83' lang='lat' dir='ltr'><strong>fragor</strong></span> <span class='ocrx_word' id='word_1_192' title='bbox 1619 2646 1794 2705; x_wconf 82' lang='lat' dir='ltr'><strong>ardua</strong></span> <span class='ocrx_word' id='word_1_193' title='bbox 1885 2650 1894 2657; x_wconf 75' lang='grc'><em>“</em></span> 
     </span>
     <span class='ocr_line' id='line_1_30' title="bbox 586 2738 756 2784; baseline 0 0"><span class='ocrx_word' id='word_1_194' title='bbox 586 2738 756 2784; x_wconf 84' lang='lat' dir='ltr'><strong>canet</strong></span> 
     </span>
    </p>

    <p class='ocr_par' dir='ltr' id='par_1_23' title="bbox 364 2812 1705 2893">
     <span class='ocr_line' id='line_1_31' title="bbox 364 2812 1705 2893; baseline 0.006 -26"><span class='ocrx_word' id='word_1_195' title='bbox 364 2835 395 2866; x_wconf 82' lang='grc' dir='ltr'><strong>α</strong></span> <span class='ocrx_word' id='word_1_196' title='bbox 414 2813 521 2869; x_wconf 88' lang='lat' dir='ltr'><strong>Per</strong></span> <span class='ocrx_word' id='word_1_197' title='bbox 542 2812 750 2885; x_wconf 73' lang='lat' dir='ltr'><strong>laterat,</strong></span> <span class='ocrx_word' id='word_1_198' title='bbox 776 2816 1070 2893; x_wconf 85' lang='lat' dir='ltr'><strong>abruptam</strong></span> <span class='ocrx_word' id='word_1_199' title='bbox 1096 2816 1289 2875; x_wconf 88' lang='lat' dir='ltr'><strong>credas</strong></span> <span class='ocrx_word' id='word_1_200' title='bbox 1313 2815 1600 2876; x_wconf 86' lang='lat' dir='ltr'><strong>radicibus</strong></span> <span class='ocrx_word' id='word_1_201' title='bbox 1625 2817 1705 2875; x_wconf 84' lang='lat' dir='ltr'><strong>ire</strong></span> 
     </span>
    </p>

    <p class='ocr_par' dir='ltr' id='par_1_24' title="bbox 363 2899 1724 3050">
     <span class='ocr_line' id='line_1_32' title="bbox 363 2899 1724 2981; baseline 0.004 -25"><span class='ocrx_word' id='word_1_202' title='bbox 363 2899 743 2979; x_wconf 74' lang='lat' dir='ltr'><strong>«Ortygiam,</strong></span> <span class='ocrx_word' id='word_1_203' title='bbox 781 2914 876 2961; x_wconf 84' lang='lat' dir='ltr'><strong>aut</strong></span> <span class='ocrx_word' id='word_1_204' title='bbox 914 2901 1156 2962; x_wconf 67' lang='lat' dir='ltr'><strong>finctum</strong></span> <span class='ocrx_word' id='word_1_205' title='bbox 1189 2901 1390 2981; x_wconf 86' lang='lat' dir='ltr'><strong>pelago</strong></span> <span class='ocrx_word' id='word_1_206' title='bbox 1426 2903 1724 2963; x_wconf 85' lang='lat' dir='ltr'><strong>decurrere</strong></span> 
     </span>
     <span class='ocr_line' id='line_1_33' title="bbox 584 2998 853 3050; baseline 0.022 -7"><span class='ocrx_word' id='word_1_207' title='bbox 584 2998 853 3050; x_wconf 85' lang='lat' dir='ltr'><strong>montem.</strong></span> 
     </span>
    </p>
   </div>
  </div>
 </body>
</html>
