2079 3613
201 423 215 435 Χ
295 338 421 402 526
557 346 985 414 sYLvARUM,
1038 348 1181 407 ΗΒ.
1235 347 1347 400 111.
1439 360 1442 363 ²
1482 345 1547 408 σι

288 447 419 502 Otia
445 446 557 520 jam
582 444 826 521 pulchrae
850 447 983 503 terit
1009 446 1329 516 infoecunda
1354 447 1590 522 juventae
1612 459 1628 500 ι

188 592 203 601 ,
287 530 401 586 Sed
422 531 653 587 venient
681 531 837 587 festis
854 575 870 599 ,
892 531 1121 589 venient
1146 531 1459 602 connubia,
1491 531 1672 588 taedis.

287 611 377 667 Sic
402 626 553 669 certe
572 656 589 682 ‚
616 616 916 689 formaeque
941 615 1135 685 bonis,
1164 615 1452 691 animique
1470 627 1716 672 meretur
1737 633 1753 666 :

287 696 416 753 Sive
445 696 648 776 chelyn
676 700 965 774 complexa
991 699 1153 769 serit,
1184 721 1313 769 seu,
1345 719 1488 758 voce
1513 711 1752 775 paterna

286 781 630 838 Discendum
656 784 834 840 Musis
864 798 1055 854 sonat,
1086 798 1141 840 et
1166 805 1293 840 mea
1318 785 1560 840 carmina
1578 780 1792 837 flectit:

287 866 544 922 Candida
574 886 673 928 seu
697 868 850 949 molli
875 869 1095 926 diducit
1118 869 1347 926 brachia
1371 882 1526 924 motu
1547 885 1563 938 3

285 950 584 1024 Ingenium
609 953 860 1029 probitas
875 995 891 1023 ,
914 967 1201 1030 artemque
1222 951 1491 1009 modestia
1516 949 1711 1025 vincit.

198 1049 209 1055 “
286 1035 491 1092 Nonne
515 1038 667 1101 leves
690 1058 925 1114 pueros,
952 1060 1069 1096 non
1094 1052 1175 1112 te,
1213 1037 1525 1114 Cytherea,

499 1122 754 1198 pudebat

284 1203 410 1260 Hoc
434 1224 642 1263 cessare
671 1207 872 1264 decus?
897 1227 1005 1264 nec
1030 1217 1250 1263 tantum
1274 1207 1454 1263 Roma
1478 1204 1690 1281 jugales

258 1289 594 1349 ‘Conciliare
620 1303 805 1362 toroS‚
836 1291 1121 1367 festasque
1152 1289 1463 1346 accendere
1489 1288 1661 1344 taedas

285 1374 535 1449 Fertilis3
561 1390 616 1432 et
642 1391 831 1433 nostra
857 1377 1048 1452 generi
1070 1373 1269 1432 tellure
1296 1377 1593 1450 dabuntur.

284 1459 410 1513 Non
436 1459 579 1514 adeo
604 1461 920 1518 Vesuvinus
944 1480 1119 1535 apex,
1149 1470 1205 1516 et
1227 1459 1481 1514 flammea
1509 1454 1616 1512 diri

284 1541 494 1598 Montis
519 1543 719 1619 hyems
744 1544 992 1620 trepidas
1023 1542 1280 1600 exhausit
1308 1541 1523 1599 civibus
1541 1539 1750 1597 urbes:

282 1626 471 1698 Stant,
495 1630 830 1705 populisque
859 1629 1064 1706 vigent.
1088 1630 1196 1684 Hic
1225 1627 1454 1704 auspice
1483 1627 1714 1684 condita

511 1714 717 1773 Phoebo

282 1801 458 1858 Tecta
474 1842 491 1868 ,
520 1798 863 1857 Dicharchei
888 1811 1116 1878 portuS,
1148 1811 1206 1855 et
1230 1797 1418 1854 littora
1443 1794 1656 1853 mundo

278 1888 517 1963 Hospita
540 1903 553 1939 ε
579 1898 634 1941 et
661 1886 751 1942 hic
773 1906 986 1964 magnae
1010 1897 1223 1941 tractus
1244 1882 1516 1939 imitantia
1548 1883 1743 1939 Romae
1767 1919 1787 1953 ,

280 1978 419 2049 Quae
444 1976 632 2050 Capys
657 1972 908 2029 advectis
929 1972 1189 2047 implevit
1206 1968 1408 2027 moenia
1432 1966 1689 2024 TeucriS.

279 2062 482 2129 Nostra
511 2077 740 2134 quoque
766 2054 922 2113 haud
944 2053 1195 2133 propriis
1220 2052 1407 2110 tenuis
1424 2061 1575 2122 ,nec
1601 2070 1752 2126 rara¹

501 2140 712 2197 colonis

267 2226 670 2301 ·Parthenope;
698 2224 788 2279 cui
815 2226 948 2281 mite
981 2223 1160 2280 solum
1185 2235 1339 2280 trans
1364 2240 1584 2297 aequora
1608 2231 1788 2279 vectae

279 2314 412 2388 Ipse
436 2311 651 2367 Dionea
678 2309 1005 2367 monstravit
1030 2308 1237 2386 Apollo
1266 2308 1549 2366 columba.
1753 2299 1758 2302 ⁴

279 2400 396 2454 Has
418 2416 519 2473 ego
541 2409 595 2452 te
623 2396 783 2451 sedes
809 2394 975 2474 (nam
992 2414 1100 2451 nec
1121 2394 1258 2450 mihi
1276 2393 1515 2450 barbara
1534 2390 1784 2464 Thrace,

276 2485 395 2538 Nec
419 2482 602 2557 Libye
625 2480 807 2536 natale
838 2478 1043 2557 solum)
1072 2483 1372 2536 transferre
1400 2478 1631 2534 laboro:

279 2573 428 2641 Quas
449 2580 504 2624 et
529 2566 709 2623 mollis
732 2566 929 2644 hyems
944 2610 959 2635 ‚
986 2579 1042 2623 et
1066 2566 1271 2642 frigigla
1293 2577 1568 2641 temperat
1590 2574 1780 2620 aestas:

277 2657 427 2727 Quas
449 2652 675 2709 imbelle
703 2652 910 2708 fretum
930 2651 1287 2726 torpentibus
1317 2650 1474 2707 alluit
1503 2647 1690 2706 undis.

277 2742 390 2793 Pax
415 2756 608 2792 secura
635 2735 802 2805 locis»,
828 2749 883 2791 et
908 2735 1114 2814 desidis
1137 2736 1260 2791 otia
1285 2735 1411 2792 vitae
1428 2774 1445 2803 ,
1684 2743 1696 2755 ‘

278 2822 349 2880 Et
372 2829 661 2893 nunquam
685 2820 903 2874 turbata
929 2820 1088 2893 quies
1101 2863 1120 2889 ,
1148 2820 1441 2895 somnique
1468 2815 1709 2891 peracti.

281 2902 443 2957 Nulla
468 2904 591 2958 foro
616 2901 823 2973 rabies;
854 2915 948 2958 aut
975 2904 1180 2961 strictae
1201 2902 1381 2979 jurgia
1407 2900 1556 2975 leges

277 2987 496 3073 Norunt
520 3008 532 3040 ε
555 2988 678 3059 jura
705 2987 839 3066 viris
866 2989 1041 3046 solum
1059 3027 1077 3057 ,
1109 3002 1165 3045 et
1187 2989 1303 3047 sine
1323 2984 1568 3044 fascibus

494 3087 738 3143 aequum.
