2079 3613
275 275 404 338 516
540 280 974 340 summm,
1026 277 1170 324 me.
1221 274 1337 322 111.
1438 254 1540 327 ‘118

271 379 536 458 Impulit,
565 392 621 435 et
642 396 846 453 magno
868 391 1001 448 gens
1026 384 1112 428 est
1137 372 1400 427 damnata
1428 362 1754 444 triumpho.·

272 469 367 525 Sic
393 462 663 541 quidquid
687 460 866 539 patrio
889 469 1168 515 cessatum
1186 476 1215 510 a
1231 441 1526 528 sanguine,
1559 461 1754 504 mater

272 550 581 618 Reddidit,
605 547 1018 618 obscurumque
1037 540 1185 597 latus
1212 536 1510 595 clarescere
1526 531 1673 590 vidit

275 635 577 694 Connubio
602 630 783 709 gavisa
811 630 1041 697 domus;
1063 646 1170 682 nec
1195 624 1433 700 pignora
1448 620 1640 694 longe:

274 719 500 796 Quippe
518 719 603 775 bis
623 718 693 773 ad
715 727 911 790 partus
934 711 1089 767 venit
1114 709 1324 766 Lucina
1344 732 1359 774 3
1383 722 1667 778 manuque

274 808 406 881 Ipsa
433 803 544 861 levi
565 799 827 876 gravidos
846 796 1030 872 tetigit
1057 792 1305 849 fecunda
1329 790 1568 846 labores·

273 888 438 952 Felix
464 886 524 943 ὁὶ
553 885 597 941 si
621 883 783 959 longa
809 882 925 938 dies
952 886 966 935 !
995 880 1041 936 si
1065 897 1297 934 cernere
1322 876 1513 932 vultus

275 974 547 1028 Natorum
565 1012 580 1040 ‚
602 969 923 1042 viridesque
944 981 1114 1042 genas
1138 961 1236 1017 tibi
1256 962 1401 1035 justa
1422 955 1708 1012 dedissent

274 1055 555 1126 Stamina!
581 1055 681 1110 sed
707 1051 892 1109 media
908 1047 1163 1106 cecidere
1187 1044 1426 1120 abrupta
1453 1042 1688 1114 juventa

276 1140 523 1211 Gaudia,
550 1140 919 1211 florentesque
933 1154 1102 1189 manu
1116 1130 1281 1188 scidit
1303 1131 1554 1202 Atropos
1568 1141 1744 1180 annos
1766 1141 1781 1177 ε

279 1225 476 1298 Qualia
497 1223 767 1302 pallentes
798 1219 1079 1289 declinant
1098 1215 1209 1271 lilia
1229 1211 1441 1270 culmos
1461 1251 1478 1281 ‚

277 1308 672 1384 Pubentesque
688 1326 828 1363 rosae
844 1304 1056 1380 primos
1069 1298 1379 1356 moriuntur
1396 1294 1470 1350 ad
1494 1294 1734 1349 Austros
1763 1328 1784 1359 ‚

278 1394 399 1451 Aut
414 1393 492 1447 uti
513 1410 681 1447 verna
696 1389 857 1445 novis
873 1386 1092 1460 expirat
1108 1402 1362 1459 purpura
1379 1379 1578 1457 pratis,

278 1475 382 1533 Illa
403 1467 1192 1551 sagittiferi‚circumvolitastis
1216 1507 1235 1536 .,
1259 1468 1501 1531 Amores
1516 1504 1532 1532 ‚

279 1562 531 1629 Funera,
558 1572 923 1634 maternoque
951 1572 1118 1630 rogos
1143 1550 1376 1610 unxistis
1400 1567 1619 1605 amomo
1651 1566 1666 1602 ε

279 1646 405 1705 Nec
421 1645 616 1701 modus
629 1656 728 1702 aut
747 1642 944 1720 pennis
959 1638 1163 1696 laceris
1176 1644 1270 1694 aut
1290 1634 1541 1691 crinibus
1558 1632 1745 1708 ignem

281 1731 554 1809 Spargere
572 1771 590 1801 ‚
610 1730 973 1804 collectaeque
995 1743 1196 1801 pyram
1211 1721 1464 1777 struxere
1477 1717 1778 1794 pharetra.
1813 1728 1818 1735 '

285 1820 436 1886 Quas
452 1829 586 1872 tunc
611 1814 839 1872 inferias
856 1854 872 1883 .,
903 1823 999 1868 aut
1019 1828 1142 1886 quae
1161 1806 1403 1863 lamenta
1424 1802 1670 1861 dedisses

282 1901 593 1970 Materni5‚
620 1901 855 1955 Etrusce
872 1938 888 1967 ,
911 1895 1084 1972 rogis,
1114 1893 1210 1967 qui
1231 1892 1432 1946 funera
1453 1888 1632 1965 patris
1724 1876 1727 1879 ⁴

285 1983 449 2040 Haud
474 1997 691 2041 matura
717 1996 910 2059 puta5‚
940 1989 1110 2057 atque
1135 1977 1240 2033 hos.
1264 1976 1391 2053 pius
1412 1973 1647 2050 ingeniis

510 2073 733 2124 annos?
1681 2126 1685 2129 Α

283 2152 451 2208 Illum
467 2195 482 2222 ‚
508 2165 564 2208 et
584 2152 680 2226 qui
702 2164 843 2208 nutu
867 2170 1101 2225 superas
1115 2167 1268 2205 nunc
1281 2155 1555 2221 temperat
1575 2161 1736 2199 arces
1760 2182 1780 2212 ,

285 2236 614 2311 Progeniem
639 2234 843 2290 claram
869 2234 1031 2290 terris
1058 2234 1298 2309 partitus
1327 2243 1380 2286 et
1398 2228 1584 2298 astris,

285 2324 472 2377 Laetus
495 2317 727 2381 Idumaei
742 2318 978 2375 donavit
990 2318 1205 2375 honore
1221 2314 1487 2392 triumphi
1504 2332 1518 2367 ι

283 2406 665 2480 Dignatusque
685 2404 809 2460 loco
825 2403 1070 2462 victricis
1087 2416 1138 2459 et
1162 2403 1361 2459 ordine
1375 2416 1598 2474 pompae

291 2492 344 2549 N
349 2512 423 2547 on
446 2492 628 2548 vetuit
644 2532 660 2560 ,
693 2503 1001 2567 tenuesque
1021 2489 1162 2544 nihil
1179 2487 1427 2543 minuere
1455 2495 1740 2559 parentes-

276 2577 464 2651 Atque
486 2574 640 2630 idem
667 2575 725 2630 in
745 2595 953 2633 cuneos
967 2572 1243 2651 populum
1262 2590 1390 2627 cum
1406 2568 1569 2627 duxit

466 2699 484 2714 2
505 2671 828 2735 equestre&

284 2745 636 2824 Mutavitque
663 2762 833 2817 genus
852 2784 871 2813 ,
895 2742 1156 2817 laevaeque
1179 2738 1424 2816 ignobiie
1446 2740 1656 2793 ferrum

286 2830 459 2888 Exuit
478 2873 492 2899 ,
523 2841 580 2885 et
608 2833 763 2885 celso
786 2841 1046 2884 natorum
1066 2826 1306 2902 aequavit
1332 2824 1557 2880 honori.

285 2916 503 2973 Dextra
522 2916 609 2972 bis
627 2913 843 2973 octonis
862 2915 1142 2970 fluxerunt
1158 2910 1351 2969 saecula
1369 2908 1556 2965 lustris
1571 2949 1591 2979 ,

281 2999 475 3076 Atque
497 2998 603 3078 aevi
623 2997 742 3058 sine
765 3000 915 3059 nube
932 3012 1116 3059 tenor.
1144 2993 1326 3073 Quam
1350 2993 1504 3056 dives
1524 2992 1587 3052 in
1609 3007 1748 3050 usus
