2079 3613
306 303 431 378 432
528 261 1051 372 ionumzmoe,
1103 309 1660 366 133310,Τ

300 435 331 464 ιι
358 411 449 468 Sic
466 410 644 466 dabat
662 409 755 465 ille
775 421 971 484 pater.
999 425 1131 460 mox
1150 404 1233 460 ire
1251 424 1366 481 per
1391 405 1516 462 avia
1538 423 1728 461 secum
1817 394 1823 399 ’

301 519 331 548 α
359 498 557 552 Lustra
577 516 640 571 gr
644 494 758 550 adu
773 511 986 567 malote
1005 474 1266 560 trahens,
1290 489 1540 565 visisque
1559 489 1808 547 docebat

302 605 331 633 c<
357 579 613 636 Arridere
636 581 795 648 feriS‚
824 598 931 633 nec
949 575 1440 665 fracgtgruentibus
1465 574 1642 629 33ἀί5

300 685 331 714 κ
358 662 543 734 Saxa,
566 680 676 718 nec
700 659 775 717 ad
794 673 968 716 vastae
985 634 1275 755 trepiflaie
1294 657 1529 714 silentia
1527 657 1710 715 ‘silvae-

297 766 329 799 κ
355 749 479 801 Jam
504 759 640 801 tunc
664 743 825 800 hasta
844 763 1048 814 manu,
1077 745 1188 818 jam
1215 754 1355 799 tunc
1380 741 1596 800 cervice

511 829 837 906 pharetrae
813 869 830 899 ,

236 924 253 943 ⁶
294 939 324 969 α
352 917 422 970 Et
449 915 586 970 ferri
610 923 950 990 properatus
981 931 1171 982 amor,
1202 903 1518 984 durataque.
1538 909 1716 965 multo

233 1012 238 1017 '
295 1025 325 1055 α
351 999 478 1061 Sole
497 1043 514 1071 .‚
530 999 782 1076 geluque
805 998 970 1055 cutis,
992 1001 1213 1054 Tenero
1232 1017 1341 1054 nec
1360 998 1500 1052 flexa
1520 996 1690 1052 cubili

295 1111 324 1140 ι(
350 1086 629 1157 Membra,
649 1083 776 1141 sed
759 1079 972 1160 ingenti
986 1103 1180 1140 saxum
1197 1102 1491 1138 commune
1504 1083 1793 1161 magistro.

365 1193 396 1223 (ι
420 1170 535 1229 Vix
555 1169 696 1226 mihi
712 1168 962 1225 bissenos
976 1188 1255 1224 *annorum
1275 1170 1516 1225 torserat
1535 1162 1706 1223 orbes

292 1273 322 1304 κ
346 1252 483 1314 Vita
517 1251 710 1324 rudis,
743 1249 1002 1310 volucres
1035 1270 1163 1308 cum
1193 1252 1307 1327 jam
1338 1264 1681 1327 praevertere

513 1357 710 1396 cervos
732 1378 750 1409 ‚
1015 1361 1019 1365 ·

287 1448 322 1477 α
347 1427 420 1480 Et
444 1422 714 1500 Lapithas
735 1423 973 1500 cogebat
993 1442 1143 1498 equo
1163 1463 1179 1493 ,
1209 1423 1604 1500 praemissaque
1629 1444 1795 1482 cursu

289 1535 318 1565 «
344 1511 482 1566 Tela
495 1509 668 1585 sequi.
683 1510 840 1584 Saepe
855 1509 976 1586 ipse
993 1507 1169 1584 gradu
1185 1528 1274 1565 me
1284 1521 1539 1586 praepete
1556 1509 1789 1580 Chiron,

289 1620 319 1651 α
341 1597 492 1662 Dum
511 1586 670 1654 velox
695 1608 826 1652 aetas
846 1637 862 1667 ‚
896 1594 1111 1671 campis
1130 1596 1402 1653 admissus
1428 1597 1629 1672 agebat

288 1706 322 1734 (ι
347 1680 652 1752 Omnibus.,
688 1680 1135 1756 exhaustumque
1160 1701 1303 1757 vago
1331 1701 1437 1756 per
1460 1681 1711 1759 gramina

508 1785 674 1844 passu

204 1919 205 1922 Ἴ
285 1878 321 1916 ις
341 1851 635 1924 Laudabat
654 1850 903 1930 gaudens
916 1893 933 1924 ‚
953 1872 1158 1929 meque
1180 1852 1238 1907 in
1260 1871 1356 1909 533
1378 1852 1519 1909 30113
1537 1851 1785 1912 levabat.

283 1963 316 1990 «
341 1939 497 2015 Saepe
518 1937 686 1994 etiam
707 1936 892 2014 primo
917 1937 1072 1995 fluvii
1096 1951 1320 2013 torpore
1344 1937 1581 2013 jubebat
1619 1991 1630 2004 ,

283 2048 313 2077 α
336 2025 430 2079 Ire
449 2043 641 2099 super,
664 2021 1010 2099 glaciemque
1030 2021 1139 2079 levi
1158 2042 1271 2077 non
1290 2024 1545 2097 frangere
1568 2022 1782 2100 planta.

280 2132 314 2163 α
339 2110 464 2164 Ηο3
482 2107 696 2183 pueiile
712 2110 908 2164 decus-
933 2105 1087 2179 Quid
1107 2128 1252 2164 nunc
1274 2107 1375 2163 tibi
1392 2109 1582 2185 praelia
1598 2108 1785 2166 dicam
1817 2146 1827 2151 -

280 2223 315 2251 «ι
336 2196 644 2254 Silvarum.
627 2192 654 2233 Ῥ
677 2207 730 2251 et
744 2213 955 2251 vacuos
972 2213 1117 2251 saevo
1135 2197 1249 2270 jam
1266 2216 1546 2251 murmure
1565 2195 1772 2253 saltus.
1753 2195 1781 2234 ‘¹'

277 2306 314 2335 α
338 2282 643 2355 Nunquam
661 2278 754 2334 ille
775 2278 1027 2335 imbelles
1050 2282 1234 2337 Ossaea
1260 2301 1363 2357 per
1386 2280 1509 2336 avia
1532 2280 1725 2356 lynces

280 2394 314 2423 α
336 2365 552 2425 Sectari
570 2406 587 2435 ‚
626 2375 721 2421 aut
749 2363 972 2421 timidos
990 2386 1186 2441 passus
1211 2387 1304 2422 me
1329 2364 1561 2441 cuspide
1586 2363 1781 2421 damas

278 2478 307 2508 α
333 2454 626 2522 Sternere3
656 2450 753 2508 sed
778 2451 965 2507 tristes
984 2451 1215 2509 turbare
1243 2451 1519 2513 cubilibus
1543 2470 1702 2506 ursas
1727 2491 1743 2519 ‚

275 2565 306 2595 α
332 2538 765 2613 Fulmineosque
795 2557 922 2593 sues
937 2560 963 2607 ‚⁸
985 2550 1044 2593 et
1073 2537 1248 2592 sicubi
1268 2538 1508 2597 maxima
1530 2536 1688 2613 tigris
1703 2575 1722 2607 ,

274 2650 304 2680 α
329 2630 437 2682 Aut
461 2624 692 2680 seducta
712 2622 857 2700 jugis
881 2623 1024 2678 foetae
1045 2620 1314 2697 spelunca
1335 2622 1546 2678 leaenae.
1619 2647 1620 2654 ¹

274 2735 305 2766 <c
332 2714 465 2787 Ipse
495 2709 692 2767 sedens
716 2720 871 2766 vasto
899 2709 1050 2764 facta
1076 2708 1410 2784 expectabat
1433 2709 1504 2765 ab
1526 2722 1687 2765 antro
1708 2750 1725 2781 ,
1786 2731 1792 2736 ·

272 2821 307 2849 «ι
330 2795 388 2853 Si
412 2813 635 2872 sparsus
658 2812 859 2869 magno
882 2812 1198 2848 remearem
1224 2797 1495 2871 sanguine
1517 2813 1533 2865 ;
1562 2814 1667 2868 nec
1685 2814 1777 2854 me

274 2906 305 2937 α
331 2884 481 2953 Ante
505 2877 611 2933 nisi
633 2876 901 2953 inspectis
928 2875 1152 2942 admisit
1178 2880 1251 2935 ad
1282 2882 1467 2935 oscula
1487 2880 1642 2936 telis·

345 2989 375 3019 α
399 2968 636 3041 Jamque
653 2974 710 3017 et
729 2961 804 3019 ad
821 2962 1093 3020 ensiferos
1112 2961 1299 3021 vicina
1319 2963 1473 3040 pube
1499 2965 1778 3024 tumultus

271 3076 301 3106 α
330 3049 615 3132 Aptabar·,
643 3068 749 3106 uec
776 3067 866 3106 me
890 3046 999 3105 3113
1021 3046 1126 3108 feri
1148 3049 1418 3109 Mavortis
1439 3048 1623 3128 imago

705 3225 713 3249 l
