2079 3613
821 112 837 205 >

294 336 1788 401 m

498 462 629 567 Ρ(
666 490 1124 577 ΒΑΡῑΝιι
1176 474 1557 585 STATH

318 671 1687 835 ,ACHILLEIDOS

780 852 1142 926 LIBRI-
1198 853 1291 926 V.

295 1017 1308 1051 QQQQWQQQWQ
1314 1015 1708 1044 §vsvs-§s
1718 1019 1795 1046 Q

555 1135 929 1251 LIBER
1019 1132 1525 1263 mimus,

301 1344 764 1449 ΜἈΟΜΝῙΜῸΜ
795 1385 1064 1445 AEaciden
1088 1427 1103 1454 ,
1128 1380 1602 1463 formidatamque

509 1472 755 1530 Tonanti
776 1492 777 1497 ¹

301 1558 657 1636 Progeniem,
687 1570 740 1614 et
758 1554 941 1632 patrio
967 1555 1200 1613 vetitam
1220 1557 1521 1612 succedere
1542 1542 1679 1623 coelo
1697 1601 1714 1628 ‚

304 1645 474 1715 Diva,
501 1644 664 1701 refer.
693 1645 1028 1717 Quanquam
1048 1652 1173 1695 acta
1194 1639 1304 1698 viri
1326 1641 1566 1696 multum
1585 1641 1800 1720 inclyta

524 1740 692 1784 cantu

304 1813 539 1872 Maeonio
558 1832 574 1884 3
599 1809 887 1889 sed¹plura
907 1820 1124 1867 vacant.
1150 1810 1265 1867 Nos
1283 1809 1366 1867 ire
1386 1831 1490 1886 per
1505 1832 1727 1876 omnem

307 1900 436 1979 (Sic
453 1918 610 1957 amor
628 1910 726 1968 est.
745 1890 956 1976 jheroa
971 1895 1106 1960 velis
1125 1912 1140 1965 ;
1166 1897 1457 1973 Scyroque
1482 1899 1746 1962 latentem
1765 1959 1768 1962 ,

305 1983 571 2043 Dulichia
600 1984 856 2061 proferre
877 1980 1011 2044 tuba
1026 2025 1044 2049 ,
1064 2000 1171 2038 nec
1191 1980 1250 2037 in
1269 1983 1519 2040 Hectore
1548 1999 1726 2043 tracto

307 2069 513 2126 Sistere
532 2109 549 2139 ‚
579 2069 679 2125 sed
706 2080 820 2123 tota
848 2070 1113 2142 juvenem
1140 2065 1425 2123 deducere
1448 2072 1637 2143 Troja.

308 2158 400 2210 Tu
419 2152 589 2209 modo
611 2193 628 2223 ‚
653 2152 696 2209 si
714 2167 933 2209 veteres
958 2151 1130 2228 digno
1158 2151 1508 2229 deplevimus
1527 2154 1731 2213 haustu
1746 2197 1764 2227 ‚

311 2238 401 2295 Da
419 2239 602 2295 fontes
618 2234 790 2308 mihi,
812 2236 1020 2294 Phoebe
1046 2276 1064 2308 ,
1090 2255 1303 2308 nov-053
1329 2257 1394 2293 ac
1420 2237 1620 2294 fronde

529 2319 777 2377 secunda

313 2407 496 2466 Necte
519 2410 706 2463 eomas
728 2423 952 2481 :fineque
978 2404 1127 2461 enim
1146 2407 1385 2463 Aonium
1405 2426 1598 2463 nemus

539 2490 759 2547 advena
784 2490 946 2566 pulso
962 2533 978 2561 ‚

315 2577 440 2635 Nec
457 2593 583 2633 mea
600 2595 755 2631 nunc
767 2574 962 2650 primis
977 2574 1267 2632 albescunt
1287 2589 1543 2653 tempora
1557 2578 1727 2635 vittis·

214 2679 221 2684 ·
317 2661 429 2719 Scit
448 2661 693 2717 Dircaeus
711 2680 845 2736 ager
864 2680 878 2717 ε
897 2680 1100 2737 meque
1131 2658 1275 2715 inter
1291 2661 1478 2735 prisca
1506 2675 1801 2737 parentum

319 2746 560 2803 Nomina
583 2785 598 2814 ‚
631 2765 871 2821 cumque
892 2765 991 2801 suo
1014 2757 1307 2800 numerant
1326 2746 1642 2821 Amphione

533 2829 763 2887 Thebae.

389 2915 462 2970 At-
481 2925 544 2970 tu
563 2955 579 2983 ,
608 2934 775 2990 quem
800 2913 964 2989 longe
985 2914 1223 2994 primum
1241 2926 1428 2991 stupet
1442 2915 1591 2973 Itala
1609 2916 1809 2986 virtus,

320 2998 605 3072 Grajaque
627 3017 642 3067 ;
672 2999 759 3055 cui
779 2999 1007 3074 geminae
1019 2999 1216 3056 florent
1234 3013 1536 3078 vatumque

531 3079 846 3158 ducumque
