2079 3613
519 275 618 332 115
753 275 1202 341 ΤΗΕΒΑιυοε,
1251 281 1394 329 mn.
1445 281 1553 329 Π.
1593 339 1635 352 ,¹
1782 272 1863 350 87

374 372 734 435 Vulneribus·
768 380 889 430 Non
918 374 1010 430 ille
1038 375 1203 433 minis
1232 374 1547 449 Polynicis,
1577 387 1633 431 et
1661 375 1743 431 ira

373 459 648 527 Inferior,
673 460 1013 535 dubiumque
1033 459 1173 515 adeo
1193 461 1282 516 cui
1308 458 1453 515 bolla
1476 473 1755 530 gerantur.

445 546 632 616 Major
651 547 856 601 atinde
877 546 1035 600 novis
1064 547 1104 600 it
1128 547 1367 600 Doricus
1393 542 1533 599 ordo
1555 542 1658 597 sub
1678 545 1865 616 armis,

371 629 478 699 Qui
508 630 688 705 ripaS,
720 636 987 707 Lyncaee‚
1020 645 1169 692 ωας,
1198 645 1288 686 tua
1318 625 1704 684 l'ttora·multo

372 716 616 768 Vomere
637 719 1016 788 suspendunt.
1045 716 1333 772 fluviorum
1356 715 1560 768 ductor
1582 710 1867 784 Achivum,

371 798 582 854 Inache
607 818 621 852 ε
654 798 890 876 (Persea
916 820 1102 874 neque
1131 800 1275 854 euim
1306 795 1604 852 violentior
1629 795 1742 851 exit

369 882 566 938 Amnis
596 884 793 953 hamc,
829 905 958 940 cum
981 890 1263 954 Taurum,
1289 895 1383 938 aut
1409 881 1657 937 Pleiadas
1687 878 1872 936 hausit

507 988 743 1042 aquosas

367 1050 646 1123 Spumeus
665 1063 769 1122 ‚let
795 1070 1000 1123 genero
1029 1050 1230 1104 tumuit
1258 1047 1439 1126 Jove)
1470 1069 1616 1121 quos
1633 1049 1783 1105 celer

520 1132 695 1187 ambit.

364 1215 659 1285 Asterion,
684 1218 1093 1293 Dryopumque
1118 1216 1345 1273 trahens
1367 1216 1627 1272 Erasinus
1649 1216 1866 1273 aristas:

364 1300 434 1355 Et
459 1299 558 1375 qui
581 1322 709 1357 rura
735 1303 968 1358 domant
993 1302 1289 1378 Epidauria
1312 1321 1325 1355 ε
1358 1301 1553 1358 dexter
1577 1302 1786 1359 Iaccho

364 1383 567 1453 Collis,
595 1384 681 1464 (at
707 1390 920 1444 Ennaeae
945 1386 1140 1443 Cereri
1166 1383 1363 1463 negat)
1393 1387 1514 1443 avia
1541 1391 1752 1465 Dyme.

362 1472 541 1525 Mittit
568 1492 736 1547 opes,
769 1473 1080 1549 densasque
1108 1472 1272 1547 Pylos
1299 1475 1492 1529 Neleia
1518 1489 1757 1551 turmas,

364 1553 631 1609 Nondum
657 1572 793 1614 nota
810 1559 1003 1634 Pylos,
1032 1559 1359 1632 juvenisque
1385 1572 1545 1613 aetate
1574 1562 1822 1618 secunda

365 1643 570 1696 Nestor
583 1662 604 1712 ;Δ
628 1658 683 1699 at
713 1645 792 1700 ire
823 1658 1013 1702 tamen
1044 1644 1289 1718 peritura
1315 1644 1373 1699 in
1411 1660 1588 1702 castra
1620 1651 1868 1724 negavit.

414 1761 415 1766 =
437 1729 560 1780 Hos
580 1729 775 1802 agitat,
798 1729 1165 1804 pulchraeque
1188 1729 1360 1785 docet
1382 1731 1604 1786 virtutis
1624 1754 1871 1791 amorem

364 1811 596 1866 Arduus
621 1813 1036 1887 Hippomedon.
1070 1815 1262 1886 Capiti
1290 1815 1475 1868 tremit
1500 1837 1640 1870 aerea
1667 1819 1833 1873 cassis
1851 1860 1868 1888 ‚

365 1898 481 1949 Ter
500 1893 666 1952 nivea
695 1895 997 1951 scandente
1027 1897 1180 1967 juba.
1204 1900 1373 1947 Latus
1398 1916 1559 1950 omne
1587 1898 1689 1951 sub
1708 1900 1876 1958 armis

361 1980 576 2036 Ferrea
597 1995 721 2037 suta
742 1994 928 2037 terunt
953 2000 967 2036 ε
996 1980 1261 2036 humeros
1291 2000 1355 2035 ac
1377 1995 1603 2056 pectora
1633 1982 1745 2038 late

362 2066 681 2125 Flammeus
707 2070 860 2126 orbis
881 2069 1055 2124 habet
1072 2111 1086 2135 ,
1107 2069 1634 2147 perfectaquejivit
1656 2070 1714 2124 in
1738 2092 1873 2129 auro

360 2152 488 2208 Nox
518 2155 716 2210 Danai.
749 2158 977 2225 SonteS.²
1005 2156 1296 2210 Furiarum
1323 2153 1585 2229 lampade
1615 2155 1807 2231 nigra,

357 2237 775 2313 Quinquaginta
820 2240 1024 2296 ardent
1067 2240 1300 2295 thalami
1324 2263 1334 2293 :
1374 2254 1540 2317 pater
1590 2240 1713 2316 ipse

494 2384 497 2387 ,
515 2341 756 2383 cruentis

365 2408 433 2462 In
453 2409 685 2478 foribus,
706 2411 1008 2485 laudatque
1034 2412 1213 2478 nefaS‚
1244 2426 1413 2488 atque
1441 2412 1666 2487 inspicit
1688 2430 1863 2468 enses-

433 2490 601 2543 Illum
628 2493 869 2546 Palladia
899 2499 1122 2573 sonipes
1150 2500 1436 2551 Nemeaeus
1464 2497 1535 2551 ab
1565 2517 1691 2550 arce

354 2580 440 2632 De
450 2573 601 2630 vehit
617 2595 767 2629 arma
792 2596 1005 2650 pavens
1023 2620 1036 2644 ‚
1060 2579 1369 2653 umbraque
1393 2581 1635 2633 immane
1654 2578 1865 2634 volanti

354 2662 569 2744 Implet
594 2681 780 2737 agros,
802 2660 1083 2736 longoque
1110 2660 1310 2715 attollit
1334 2660 1564 2733 pulvere
1584 2683 1860 2738 campum.

354 2751 482 2804 Non
505 2749 666 2803 aliter
690 2747 855 2803 silvas
880 2746 1125 2802 humeris
1154 2759 1209 2800 et
1235 2759 1473 2820 utroque
1502 2746 1812 2825 refringens

354 2834 593 2893 Pectore
614 2877 630 2900 ,
659 2849 928 2890 montano
958 2833 1172 2912 duplex
1199 2831 1413 2912 Hyleus
1442 2832 1513 2887 ab
1538 2845 1700 2890 antro

359 2921 667 2998 Praecipitat
705 2940 718 2974 ε
754 2933 924 3001 pavet
959 2922 1100 2980 Osa
1132 2918 1251 2979 vias
1274 2960 1290 2993 ,
1326 2918 1724 2998 petiudesque,

577 3015 820 3082 leraeque
1217 3008 1222 3013 “
