2079 3613
118 355 128 380 Ι

285 339 409 439 29έ
541 355 989 417 mmmmm,
1043 356 1190 401 Lm.
1242 355 1320 401 x,
1415 345 1525 420 0284

279 459 476 518 pandit
502 460 609 514 iter
628 500 642 526 ‚
669 457 968 529 firmatque
997 450 1242 515 animm,
1272 458 1330 501 et
1357 463 1596 519 corpora
1637 503 1645 513 ,

496 553 789 599 mon-strat.

277 644 455 702 Sentit
483 641 676 698 adesse
699 640 875 692 Deam
906 630 1109 688 tacitus
1127 670 1143 700 ‚
1173 626 1274 684 sed
1299 622 1500 701 gaudia
1529 621 1675 692 celat

280 730 641 789 ThiodamaS.
664 724 701 779 J
707 742 795 777 am
816 717 977 776 tarda
998 732 1224 783 manuS,
1253 714 1366 788 jam
1393 706 1579 764 debile

502 814 711 869 ferrum
728 849 744 878 ,

279 920 352 973 Et
380 910 685 985 caligantes
710 899 894 958 nimiis
919 895 1266 955 successibus
1291 891 1404 949 irae.

280 999 488 1073 Caspia
512 1013 628 1049 non
650 988 810 1045 aliter
835 1003 1162 1060 magnorum
1185 981 1243 1035 in
1268 990 1452 1054 strage
1476 974 1783 1051 juvencum

278 1082 461 1160 Tigris
480 1123 496 1149 ‚
523 1077 617 1133 ubi
644 1077 908 1131 immenso
937 1068 1122 1126 rabies
1144 1063 1365 1142 placata
1394 1081 1588 1119 eruore
1616 1102 1633 1129 .,

278 1166 641 1240 Lussavitque
669 1178 867 1235 genas,
897 1168 955 1211 et
979 1173 1163 1210 crasso
1188 1148 1413 1205 sordida
1440 1147 1572 1202 tabo

282 1250 556 1311 confudit
596 1241 841 1302 maculas
860 1283 875 1308 ‚
916 1248 1138 1314 spectat
1173 1253 1271 1289 sua
1303 1234 1485 1300 facta,
1516 1228 1783 1304 doletque

279 1335 565 1396 Defecisse
593 1332 815 1387 famem.
843 1323 1046 1384 Victus
1070 1319 1148 1375 sic
1175 1335 1351 1390 augur
1374 1317 1584 1369 inerrat

281 1422 542 1482 Caedibus
568 1415 782 1474 Aoniis,
811 1414 987 1483 Optet
1012 1421 1161 1459 nunc
1185 1397 1419 1454 brachia
1446 1411 1671 1466 centum
1688 1437 1704 1463 ‚

281 1512 669 1579 Centenasque
695 1501 754 1554 iu
781 1495 930 1550 bella
954 1505 1173 1542 manus,
1199 1486 1236 1541 J
1240 1502 1329 1538 am
1352 1480 1518 1535 taedet
1543 1480 1730 1533 inanes

183 1603 192 1622 ‘
280 1593 590 1651 Exhaurire
617 1586 791 1658 minas
813 1618 828 1646 ,
856 1575 1194 1643 hostemque
1223 1583 1508 1638 assurgere
1536 1560 1709 1622 malit.

354 1683 511 1739 Parte
534 1672 669 1737 alia,
700 1679 896 1736 segnes
921 1675 1119 1731 magno
1146 1666 1297 1709 satus
1320 1648 1570 1706 Hercule
1601 1659 1782 1704 vastat

280 1762 567 1826 Sidonios,
596 1756 882 1829 Actorque
910 1741 1036 1797 alia.
1069 1741 1179 1822 Sua
1205 1754 1487 1814 quemque
1515 1743 1746 1790 cruento

282 1849 487 1906 Limite
515 1837 678 1896 turba
713 1829 874 1890 subit.
907 1830 1179 1901 Stagnant
1203 1819 1478 1900 nigrantia
1505 1810 1638 1899 tabo

282 1928 552 1990 Gramina
567 1964 583 1993 .,
614 1915 929 1999 sanguineis
955 1922 1160 1968 nutant
1183 1904 1428 1964 tentoria
1448 1898 1607 1959 rivis,

281 2023 486 2076 Fumat
506 2008 745 2074 humus·,
774 1999 1093 2074 somnique,
1123 2008 1181 2051 et
1206 1991 1401 2050 mortis
1427 1985 1705 2045 anhelitus

287 2098 309 2112 ”
509 2115 619 2150 una
649 2156 660 2159 j
743 2088 775 2178 ‹-
841 2085 849 2094 ‘
1068 2155 1077 2164 ·
1103 2093 1106 2096 ’

283 2207 541 2264 Volvitur
570 2223 584 2256 ι
615 2193 1082 2275 baud-quisquam
1106 2190 1254 2246 visus
1272 2227 1289 2256 .,
1320 2196 1414 2241 aut
1440 2204 1534 2247 ora
1550 2225 1564 2251 ‚

502 2292 788 2364 jacentum

280 2401 512 2467 Erexit3
543 2395 639 2461 tali
663 2389 876 2461 miseris
900 2391 1056 2451 Deus
1083 2383 1252 2460 aliger
1273 2379 1470 2436 umbra
1534 2430 1540 2432 ,
1581 2412 1585 2417 ·

283 2486 525 2546 Incubat
543 2527 555 2549 ‚
582 2494 635 2538 et
660 2470 880 2535 tantum
904 2469 1202 2529 morientia
1224 2466 1435 2523 lumina
1466 2460 1640 2521 solvit.

337 2608 338 2617 κ
358 2576 638 2630 Traxerat.
657 2562 936 2625 insomnis
952 2557 1166 2619 cithara
1184 2598 1199 2620 ,
1227 2551 1477 2626 ludoque
1503 2563 1769 2622 suprema-

285 2662 478 2719 Sidera
499 2697 515 2726 ‚
538 2658 649 2729 jam
666 2649 848 2705 nullos
871 2647 1090 2704 visurus
1116 2639 1411 2708 Alimenus
1426 2645 1587 2705 ortus
1605 2670 1623 2696 ,

285 2743 571 2807 Sidonium
598 2740 792 2795 Paeana
817 2749 1024 2807 canens
1049 2717 1506 2795 :huiclanguida
1531 2713 1721 2771 cervix
1768 2764 1773 2775 ,

286 2818 354 2886 lu
388 2831 621 2892 laevum5
650 2831 890 2894 cogente
918 2817 1042 2869 Deo
1061 2806 1404 2889 [mediaque
1429 2798 1697 2876 jacebant⁴
1742 2846 1757 2871 f

287 2912 446 2970 Colla
473 2909 666 2966 relicta
693 2906 830 2979 lyra.
862 2906 1091 2959 Ferrum
1117 2914 1220 2968 per
1249 2901 1450 2966 pectus
1475 2883 1733 2964 Agylleus

289 2997 502 3074 Exigit,
532 3003 890 3067 aptatamque
918 3001 1060 3038 cava
1089 2975 1366 3034 testudine
1396 2972 1655 3027 dextram

292 3086 327 3140 Γ
335 3078 539 3139 ercutit
555 3117 572 3148 .‚
600 3087 656 3130 et
678 3071 884 3147 digitos⁵
901 3067 1049 3146 inter
1070 3083 1169 3121 sua
1188 3061 1280 3120 fila
1306 3066 1629 3116 trementes·
