2079 3613
436 246 540 320 577
678 237 1117 300 τΗΕΒΑωοε,
1169 236 1314 285 Lm.
1367 237 1471 285 Ἦ.
1677 228 1807 308 159

305 366 332 395 ιι
356 339 547 396 Thura
568 336 736 393 dabat
759 336 996 406 famulo;
1024 353 1134 391 nec
1158 354 1248 389 me
1276 333 1485 390 sentire
1501 331 1778 391 minorem

302 451 335 481 «
357 430 577 495 Ausus3
606 437 661 481 at
687 424 775 480 hic
801 424 1094 501 tripodum
1121 440 1333 491 comeS,
1361 430 1416 476 et
1440 420 1566 497 pius
1591 421 1724 477 artis

527 510 783 566 alumnus
935 568 940 575 ,

303 620 334 650 α
354 594 646 654 AEthereae.
681 593 873 651 Potior
897 593 1113 656 meritis
1135 606 1323 650 tamen
1354 589 1447 646 ille
1473 608 1487 660 ;
1519 587 1620 645 sed
1642 587 1813 664 hujus

304 706 333 736 «
354 684 613 738 Extrema
638 683 753 756 jam
773 679 867 738 fila
898 679 1023 735 eolo
1048 699 1061 735 ε
1092 680 1261 735 datur
1286 677 1431 735 ordo
1458 686 1700 739 senectae

302 789 331 819 «
351 766 613 836 Admet0,
646 785 941 842 serumque
968 763 1131 826 mori.
1160 763 1290 819 Tibi
1323 761 1473 818 nulla
1511 769 1810 836 supersunt

303 874 330 906 α
350 852 609 910 Gaudia:
638 853 751 927 jam
776 850 988 907 Thebae
1011 852 1170 926 juxta
1186 891 1204 920 ,
1231 861 1290 906 et
1317 846 1619 905 tenebrosa

524 956 756 1013 vorago.

302 1021 466 1076 «Scis
505 1020 706 1087 miser,
746 1031 802 1073 et
837 1028 1043 1074 nostrae
1079 1017 1307 1094 pridem
1346 1016 1605 1071 cecinere

521 1105 803 1162 volucres,
833 1125 863 1154 n

374 1189 533 1246 Dixit
550 1232 565 1260 .,
598 1202 651 1245 et
677 1207 739 1243 os
764 1188 896 1243 fletu
918 1207 1064 1260 pene
1092 1185 1416 1245 inviolabile
1442 1178 1677 1264 tinctus,

273 1275 598 1352 'Extemplo
618 1275 873 1332 Nemeen
898 1273 1158 1331 radiante
1182 1293 1287 1349 per
1311 1271 1521 1329 aethera
1549 1267 1695 1324 saltu

299 1361 470 1420 Ocior
494 1373 547 1417 et
573 1360 759 1437 patrio
787 1360 941 1436 ¹venit
967 1359 1128 1434 igne,
1153 1359 1378 1435 suisque
1407 1348 1640 1431 sagittis.

299 1449 433 1523 Ipse
466 1445 600 1503 olim
624 1447 684 1502 in
709 1446 873 1504 terris
890 1488 905 1515 ‚
938 1444 1080 1503 coelo
1106 1442 1343 1520 vestigia
1369 1441 1606 1509 durant,

299 1531 573 1608 Claraque
602 1550 708 1608 per
732 1531 1033 1608 Zephyros
1057 1529 1361 1586 etiamnum
1384 1524 1581 1581 semita
1600 1522 1770 1579 lucet.

298 1619 369 1673 Et
395 1621 508 1694 jam
532 1620 760 1676 sortitus
787 1617 1063 1675 Protheus
1087 1626 1333 1674 versarat
1359 1605 1543 1681 ahena

304 1704 531 1761 Casside
553 1723 568 1776 ;
596 1707 821 1781 jamque
846 1702 1005 1761 locus
1032 1700 1232 1778 cuique
1258 1709 1373 1769 est,
1403 1709 1458 1753 et
1486 1684 1688 1751 siminis

528 1793 687 1849 ordo,

304 1881 606 1936 Terrarum
634 1877 843 1933 decora
863 1875 1054 1952 ‘ampla
1080 1872 1223 1941 viri,
1257 1871 1461 1926 decora
1490 1867 1679 1942 ampla

521 1963 730 2042 jugales
748 2008 763 2035 ‚
1470 1957 1476 1962 ⁴

304 2052 509 2111 Divum
534 2055 836 2129 utrumque
864 2066 1072 2126 genus3
1101 2055 1252 2104 stant
1277 2062 1392 2100 uno
1417 2040 1668 2117 margine

522 2138 696 2194 clausi
722 2157 737 2209 3

300 2227 548 2303 Spesque
561 2266 577 2295 ,
602 2224 899 2297 audaxque
917 2231 1100 2274 metus
1119 2238 1257 2285 una,
1276 2228 1331 2271 et
1350 2213 1555 2270 fiducia
1570 2212 1806 2288 pallens.

301 2309 395 2367 Nil
419 2310 591 2366 fixum
616 2306 803 2364 cordi:
833 2317 1087 2381 pugnant
1116 2301 1302 2371 exire,
1330 2312 1680 2376 paventque:

302 2394 605 2451 Concurrit
628 2411 872 2448 summos
898 2389 1209 2443 animosum
1232 2386 1407 2461 frigus
1432 2387 1492 2441 in
1520 2397 1694 2439 artus.

304 2478 416 2548 Qui
442 2477 709 2543 dominis,
737 2476 886 2531 idem
914 2472 1080 2528 ardor
1107 2470 1284 2546 equis.
1311 2471 1460 2526 Face
1487 2468 1702 2525 lumina

532 2571 795 2636 surgunt,

210 2678 218 2685 ⁸
306 2639 658 2709 Ora'sonant
684 2663 906 2714 morsu,
944 2640 1265 2717 spumisque
1304 2651 1359 2694 et
1395 2635 1662 2711 sanguine

564 2734 776 2789 ferrum
871 2749 874 2754 ·

303 2822 531 2891 Uritur,
562 2812 787 2897 in'ipulsi
810 2824 1102 2891 nequeunt
1130 2809 1400 2868 obsistere
1427 2813 1620 2885 postes
1638 2852 1655 2876 ,

307 2908 672 2982 Claustraque
691 2948 706 2978 ,
738 2920 1068 2980 compressae
1091 2896 1424 2957 transfumat
1449 2894 1729 2953 anhelitus

524 3014 637 3049 ιτα).
