<?xml version="1.0" encoding="UTF-8"?>
<!DOCTYPE html PUBLIC "-//W3C//DTD XHTML 1.0 Transitional//EN"
    "http://www.w3.org/TR/xhtml1/DTD/xhtml1-transitional.dtd">
<html xmlns="http://www.w3.org/1999/xhtml" xml:lang="en" lang="en">
 <head>
  <title>
</title>
<meta http-equiv="Content-Type" content="text/html;charset=utf-8" />
  <meta name='ocr-system' content='tesseract 3.04.00' />
  <meta name='ocr-capabilities' content='ocr_page ocr_carea ocr_par ocr_line ocrx_word'/>
</head>
<body>
  <div class='ocr_page' id='page_1' title='image "./operaadoptimeed00statgoog/operaadoptimeed00statgoog_0612.png"; bbox 0 0 2079 3613; ppageno 0'>
   <div class='ocr_carea' id='block_1_1' title="bbox 343 275 1568 373">
    <p class='ocr_par' dir='ltr' id='par_1_1' title="bbox 343 275 1568 373">
     <span class='ocr_line' id='line_1_1' title="bbox 343 275 1568 373; baseline 0.001 -24"><span class='ocrx_word' id='word_1_1' title='bbox 343 286 472 370; x_wconf 64' lang='lat'><strong>⁵74</strong></span> <span class='ocrx_word' id='word_1_2' title='bbox 607 275 1036 359; x_wconf 61' lang='lat' dir='ltr'><strong>s&#39;uvanmu,</strong></span> <span class='ocrx_word' id='word_1_3' title='bbox 1087 296 1233 346; x_wconf 75' lang='lat' dir='ltr'><strong>mn.</strong></span> <span class='ocrx_word' id='word_1_4' title='bbox 1288 297 1366 346; x_wconf 78' lang='lat' dir='ltr'><strong>v.</strong></span> <span class='ocrx_word' id='word_1_5' title='bbox 1465 291 1568 373; x_wconf 70' lang='lat'><strong>¹49</strong></span> 
     </span>
    </p>
   </div>
   <div class='ocr_carea' id='block_1_2' title="bbox 262 402 1845 3120">
    <p class='ocr_par' dir='ltr' id='par_1_2' title="bbox 262 402 1845 3120">
     <span class='ocr_line' id='line_1_2' title="bbox 339 402 1793 481; baseline 0.003 -26"><span class='ocrx_word' id='word_1_6' title='bbox 339 425 372 455; x_wconf 75' lang='grc' dir='ltr'><strong>ιι</strong></span> <span class='ocrx_word' id='word_1_7' title='bbox 391 402 616 474; x_wconf 83' lang='lat' dir='ltr'><strong>Induit,</strong></span> <span class='ocrx_word' id='word_1_8' title='bbox 644 403 803 461; x_wconf 87' lang='lat' dir='ltr'><strong>hunc</strong></span> <span class='ocrx_word' id='word_1_9' title='bbox 828 403 943 480; x_wconf 81' lang='lat' dir='ltr'><strong>regi</strong></span> <span class='ocrx_word' id='word_1_10' title='bbox 972 405 1163 481; x_wconf 83' lang='lat' dir='ltr'>rapuit</span> <span class='ocrx_word' id='word_1_11' title='bbox 1188 404 1421 461; x_wconf 80' lang='lat' dir='ltr'><strong>thoraca</strong></span> <span class='ocrx_word' id='word_1_12' title='bbox 1446 402 1737 462; x_wconf 78' lang='lat' dir='ltr'><strong>BritannO.</strong></span> <span class='ocrx_word' id='word_1_13' title='bbox 1761 424 1793 458; x_wconf 66' lang='lat' dir='ltr'><strong>u</strong></span> 
     </span>
     <span class='ocr_line' id='line_1_3' title="bbox 332 481 1671 565; baseline 0.001 -22"><span class='ocrx_word' id='word_1_14' title='bbox 332 489 594 561; x_wconf 83' lang='lat' dir='ltr'><strong>Qualiter</strong></span> <span class='ocrx_word' id='word_1_15' title='bbox 619 488 678 545; x_wconf 89' lang='lat' dir='ltr'><strong>in</strong></span> <span class='ocrx_word' id='word_1_16' title='bbox 705 492 956 547; x_wconf 85' lang='lat' dir='ltr'><strong>Teucros</strong></span> <span class='ocrx_word' id='word_1_17' title='bbox 984 489 1244 547; x_wconf 80' lang='lat' dir='ltr'><strong>victricia</strong></span> <span class='ocrx_word' id='word_1_18' title='bbox 1272 487 1420 546; x_wconf 86' lang='lat' dir='ltr'><strong>bella</strong></span> <span class='ocrx_word' id='word_1_19' title='bbox 1447 481 1671 565; x_wconf 82' lang='lat' dir='ltr'><strong>paranti</strong></span> 
     </span>
     <span class='ocr_line' id='line_1_4' title="bbox 329 571 1703 653; baseline 0.001 -23"><span class='ocrx_word' id='word_1_20' title='bbox 329 575 594 649; x_wconf 84' lang='lat' dir='ltr'><strong>Ignotum</strong></span> <span class='ocrx_word' id='word_1_21' title='bbox 615 575 825 653; x_wconf 84' lang='lat' dir='ltr'><strong>Pyrrho</strong></span> <span class='ocrx_word' id='word_1_22' title='bbox 844 574 1083 633; x_wconf 80' lang='lat' dir='ltr'><strong>Phoenix</strong></span> <span class='ocrx_word' id='word_1_23' title='bbox 1102 575 1367 631; x_wconf 82' lang='lat' dir='ltr'><strong>narrabat</strong></span> <span class='ocrx_word' id='word_1_24' title='bbox 1394 571 1703 632; x_wconf 83' lang='lat' dir='ltr'><strong>Achillem.</strong></span> 
     </span>
     <span class='ocr_line' id='line_1_5' title="bbox 404 659 1733 737; baseline 0 -24"><span class='ocrx_word' id='word_1_25' title='bbox 404 659 555 715; x_wconf 83' lang='lat' dir='ltr'>Felix</span> <span class='ocrx_word' id='word_1_26' title='bbox 572 701 588 728; x_wconf 90' lang='lat'>‚</span> <span class='ocrx_word' id='word_1_27' title='bbox 616 662 714 737; x_wconf 90' lang='lat' dir='ltr'><strong>qui</strong></span> <span class='ocrx_word' id='word_1_28' title='bbox 738 660 902 718; x_wconf 87' lang='lat' dir='ltr'><strong>viridi</strong></span> <span class='ocrx_word' id='word_1_29' title='bbox 927 659 1112 716; x_wconf 83' lang='lat' dir='ltr'><strong>fidens</strong></span> <span class='ocrx_word' id='word_1_30' title='bbox 1139 672 1439 736; x_wconf 77' lang='lat' dir='ltr'><strong>coeptaque</strong></span> <span class='ocrx_word' id='word_1_31' title='bbox 1463 660 1691 735; x_wconf 86' lang='lat' dir='ltr'><strong>juventa</strong></span> <span class='ocrx_word' id='word_1_32' title='bbox 1716 701 1733 729; x_wconf 86' lang='lat'><strong>.‚</strong></span> 
     </span>
     <span class='ocr_line' id='line_1_6' title="bbox 327 742 1780 821; baseline -0.001 -22"><span class='ocrx_word' id='word_1_33' title='bbox 327 742 575 801; x_wconf 72' lang='lat' dir='ltr'><strong>Dur-abis</strong></span> <span class='ocrx_word' id='word_1_34' title='bbox 603 764 963 821; x_wconf 85' lang='lat' dir='ltr'><strong>quascunque</strong></span> <span class='ocrx_word' id='word_1_35' title='bbox 992 745 1185 814; x_wconf 87' lang='lat' dir='ltr'><strong>vices,</strong></span> <span class='ocrx_word' id='word_1_36' title='bbox 1213 742 1537 819; x_wconf 84' lang='lat' dir='ltr'><strong>vallumque</strong></span> <span class='ocrx_word' id='word_1_37' title='bbox 1562 742 1780 799; x_wconf 85' lang='lat' dir='ltr'>subibis</span> 
     </span>
     <span class='ocr_line' id='line_1_7' title="bbox 325 826 1843 905; baseline 0.001 -21"><span class='ocrx_word' id='word_1_38' title='bbox 325 828 542 884; x_wconf 83' lang='lat' dir='ltr'>Forsan</span> <span class='ocrx_word' id='word_1_39' title='bbox 569 843 625 886; x_wconf 88' lang='lat' dir='ltr'><strong>et</strong></span> <span class='ocrx_word' id='word_1_40' title='bbox 643 849 775 886; x_wconf 88' lang='lat' dir='ltr'><strong>ense</strong></span> <span class='ocrx_word' id='word_1_41' title='bbox 801 828 948 886; x_wconf 82' lang='lat' dir='ltr'><strong>latus</strong></span> <span class='ocrx_word' id='word_1_42' title='bbox 963 870 980 898; x_wconf 87' lang='lat'><strong>.‚</strong></span> <span class='ocrx_word' id='word_1_43' title='bbox 1013 830 1060 885; x_wconf 86' lang='lat' dir='ltr'><strong>si</strong></span> <span class='ocrx_word' id='word_1_44' title='bbox 1081 827 1310 885; x_wconf 88' lang='lat' dir='ltr'><strong>numina</strong></span> <span class='ocrx_word' id='word_1_45' title='bbox 1331 827 1600 905; x_wconf 87' lang='lat' dir='ltr'><strong>principis</strong></span> <span class='ocrx_word' id='word_1_46' title='bbox 1621 826 1843 902; x_wconf 80' lang='lat' dir='ltr'><strong>adsint,</strong></span> 
     </span>
     <span class='ocr_line' id='line_1_8' title="bbox 323 912 1737 984; baseline -0.001 -15"><span class='ocrx_word' id='word_1_47' title='bbox 323 912 556 969; x_wconf 81' lang='lat' dir='ltr'><strong>Cinctus</strong></span> <span class='ocrx_word' id='word_1_48' title='bbox 573 955 588 981; x_wconf 89' lang='lat'>‚</span> <span class='ocrx_word' id='word_1_49' title='bbox 621 926 677 969; x_wconf 89' lang='lat' dir='ltr'><strong>et</strong></span> <span class='ocrx_word' id='word_1_50' title='bbox 703 912 951 970; x_wconf 87' lang='lat' dir='ltr'><strong>unanimi</strong></span> <span class='ocrx_word' id='word_1_51' title='bbox 979 932 1170 970; x_wconf 87' lang='lat' dir='ltr'><strong>comes</strong></span> <span class='ocrx_word' id='word_1_52' title='bbox 1195 912 1513 972; x_wconf 79' lang='lat' dir='ltr'><strong>indefessus</strong></span> <span class='ocrx_word' id='word_1_53' title='bbox 1534 912 1737 984; x_wconf 81' lang='lat' dir='ltr'><strong>amici3</strong></span> 
     </span>
     <span class='ocr_line' id='line_1_9' title="bbox 321 996 1845 1075; baseline 0.001 -23"><span class='ocrx_word' id='word_1_54' title='bbox 321 1000 450 1069; x_wconf 88' lang='lat' dir='ltr'><strong>Quo</strong></span> <span class='ocrx_word' id='word_1_55' title='bbox 477 997 717 1074; x_wconf 80' lang='lat' dir='ltr'><strong>Pylades</strong></span> <span class='ocrx_word' id='word_1_56' title='bbox 743 1019 813 1056; x_wconf 88' lang='lat' dir='ltr'><strong>ex</strong></span> <span class='ocrx_word' id='word_1_57' title='bbox 854 1019 1010 1055; x_wconf 86' lang='lat' dir='ltr'><strong>more</strong></span> <span class='ocrx_word' id='word_1_58' title='bbox 1037 1000 1167 1075; x_wconf 89' lang='lat' dir='ltr'><strong>pius</strong></span> <span class='ocrx_word' id='word_1_59' title='bbox 1184 1040 1200 1066; x_wconf 89' lang='lat'>‚</span> <span class='ocrx_word' id='word_1_60' title='bbox 1235 1019 1347 1074; x_wconf 91' lang='lat' dir='ltr'><strong>quo</strong></span> <span class='ocrx_word' id='word_1_61' title='bbox 1374 997 1636 1054; x_wconf 85' lang='lat' dir='ltr'><strong>Dardana</strong></span> <span class='ocrx_word' id='word_1_62' title='bbox 1668 996 1845 1075; x_wconf 82' lang='lat' dir='ltr'>gessit</span> 
     </span>
     <span class='ocr_line' id='line_1_10' title="bbox 319 1080 1834 1160; baseline 0.001 -25"><span class='ocrx_word' id='word_1_63' title='bbox 319 1080 472 1137; x_wconf 81' lang='lat' dir='ltr'><strong>Bella</strong></span> <span class='ocrx_word' id='word_1_64' title='bbox 497 1082 882 1140; x_wconf 75' lang='lat' dir='ltr'><strong>MenoetiadeS.</strong></span> <span class='ocrx_word' id='word_1_65' title='bbox 910 1082 1142 1160; x_wconf 84' lang='lat' dir='ltr'><strong>Quippe</strong></span> <span class='ocrx_word' id='word_1_66' title='bbox 1162 1081 1283 1139; x_wconf 83' lang='lat' dir='ltr'><strong>haec</strong></span> <span class='ocrx_word' id='word_1_67' title='bbox 1309 1081 1614 1138; x_wconf 87' lang='lat' dir='ltr'><strong>concordia</strong></span> <span class='ocrx_word' id='word_1_68' title='bbox 1638 1081 1798 1138; x_wconf 87' lang='lat' dir='ltr'><strong>vobis</strong></span> <span class='ocrx_word' id='word_1_69' title='bbox 1813 1121 1834 1153; x_wconf 88' lang='lat'>,</span> 
     </span>
     <span class='ocr_line' id='line_1_11' title="bbox 320 1165 1838 1244; baseline 0.001 -22"><span class='ocrx_word' id='word_1_70' title='bbox 320 1165 431 1223; x_wconf 89' lang='lat' dir='ltr'><strong>Hie</strong></span> <span class='ocrx_word' id='word_1_71' title='bbox 455 1186 611 1222; x_wconf 83' lang='lat' dir='ltr'><strong>amor</strong></span> <span class='ocrx_word' id='word_1_72' title='bbox 638 1179 743 1238; x_wconf 88' lang='lat' dir='ltr'><strong>est,</strong></span> <span class='ocrx_word' id='word_1_73' title='bbox 762 1168 1065 1243; x_wconf 85' lang='lat' dir='ltr'><strong>duretque,</strong></span> <span class='ocrx_word' id='word_1_74' title='bbox 1085 1170 1322 1244; x_wconf 84' lang='lat' dir='ltr'><strong>precor!</strong></span> <span class='ocrx_word' id='word_1_75' title='bbox 1347 1185 1448 1222; x_wconf 88' lang='lat' dir='ltr'><strong>nos</strong></span> <span class='ocrx_word' id='word_1_76' title='bbox 1474 1166 1678 1222; x_wconf 81' lang='lat' dir='ltr'><strong>fortior</strong></span> <span class='ocrx_word' id='word_1_77' title='bbox 1695 1177 1838 1223; x_wconf 71' lang='lat' dir='ltr'><strong>aetas</strong></span> 
     </span>
     <span class='ocr_line' id='line_1_12' title="bbox 318 1249 1621 1328; baseline -0.001 -21"><span class='ocrx_word' id='word_1_78' title='bbox 318 1254 444 1307; x_wconf 80' lang='lat' dir='ltr'><strong>Jam</strong></span> <span class='ocrx_word' id='word_1_79' title='bbox 470 1251 612 1328; x_wconf 85' lang='lat' dir='ltr'><strong>fugit</strong></span> <span class='ocrx_word' id='word_1_80' title='bbox 627 1273 647 1320; x_wconf 82' lang='lat'>3</span> <span class='ocrx_word' id='word_1_81' title='bbox 665 1251 801 1308; x_wconf 88' lang='lat' dir='ltr'><strong>hinc</strong></span> <span class='ocrx_word' id='word_1_82' title='bbox 826 1252 973 1310; x_wconf 89' lang='lat' dir='ltr'><strong>votis</strong></span> <span class='ocrx_word' id='word_1_83' title='bbox 1000 1263 1219 1309; x_wconf 83' lang='lat' dir='ltr'><strong>tantum</strong></span> <span class='ocrx_word' id='word_1_84' title='bbox 1241 1249 1621 1328; x_wconf 81' lang='lat' dir='ltr'><strong>precibusque</strong></span> 
     </span>
     <span class='ocr_line' id='line_1_13' title="bbox 528 1338 1302 1411; baseline 0.005 -16"><span class='ocrx_word' id='word_1_85' title='bbox 528 1338 755 1411; x_wconf 87' lang='lat' dir='ltr'><strong>juvabo.</strong></span> <span class='ocrx_word' id='word_1_86' title='bbox 1299 1396 1302 1399; x_wconf 87' lang='lat'>.</span> 
     </span>
     <span class='ocr_line' id='line_1_14' title="bbox 312 1420 1616 1492; baseline 0.002 -16"><span class='ocrx_word' id='word_1_87' title='bbox 312 1421 420 1478; x_wconf 87' lang='lat' dir='ltr'><strong>Hei</strong></span> <span class='ocrx_word' id='word_1_88' title='bbox 443 1422 604 1479; x_wconf 82' lang='lat' dir='ltr'><strong>mihi!</strong></span> <span class='ocrx_word' id='word_1_89' title='bbox 627 1421 723 1479; x_wconf 85' lang='lat' dir='ltr'><strong>sed</strong></span> <span class='ocrx_word' id='word_1_90' title='bbox 745 1435 921 1479; x_wconf 85' lang='lat' dir='ltr'><strong>coetus</strong></span> <span class='ocrx_word' id='word_1_91' title='bbox 950 1422 1146 1480; x_wconf 70' lang='lat' dir='ltr'><strong>solitos</strong></span> <span class='ocrx_word' id='word_1_92' title='bbox 1171 1422 1217 1479; x_wconf 83' lang='lat' dir='ltr'><strong>si</strong></span> <span class='ocrx_word' id='word_1_93' title='bbox 1243 1423 1391 1479; x_wconf 87' lang='lat' dir='ltr'><strong>forte</strong></span> <span class='ocrx_word' id='word_1_94' title='bbox 1418 1420 1577 1479; x_wconf 89' lang='lat' dir='ltr'><strong>ciebo</strong></span> <span class='ocrx_word' id='word_1_95' title='bbox 1598 1463 1616 1492; x_wconf 83' lang='lat'>‚</span> 
     </span>
     <span class='ocr_line' id='line_1_15' title="bbox 311 1505 1686 1584; baseline 0.001 -21"><span class='ocrx_word' id='word_1_96' title='bbox 311 1510 383 1563; x_wconf 87' lang='lat' dir='ltr'><strong>Et</strong></span> <span class='ocrx_word' id='word_1_97' title='bbox 404 1527 532 1563; x_wconf 84' lang='lat' dir='ltr'><strong>mea</strong></span> <span class='ocrx_word' id='word_1_98' title='bbox 557 1507 805 1565; x_wconf 84' lang='lat' dir='ltr'><strong>Romulei</strong></span> <span class='ocrx_word' id='word_1_99' title='bbox 834 1507 1059 1564; x_wconf 85' lang='lat' dir='ltr'><strong>veniant</strong></span> <span class='ocrx_word' id='word_1_100' title='bbox 1083 1505 1158 1562; x_wconf 87' lang='lat' dir='ltr'><strong>ad</strong></span> <span class='ocrx_word' id='word_1_101' title='bbox 1182 1527 1331 1565; x_wconf 82' lang='lat' dir='ltr'><strong>carm</strong></span> <span class='ocrx_word' id='word_1_102' title='bbox 1344 1509 1437 1563; x_wconf 87' lang='lat' dir='ltr'><strong>ina</strong></span> <span class='ocrx_word' id='word_1_103' title='bbox 1464 1518 1651 1584; x_wconf 67' lang='lat' dir='ltr'><strong>patres</strong></span> <span class='ocrx_word' id='word_1_104' title='bbox 1669 1551 1686 1578; x_wconf 93' lang='lat'>,</span> 
     </span>
     <span class='ocr_line' id='line_1_16' title="bbox 309 1590 1641 1669; baseline 0 -21"><span class='ocrx_word' id='word_1_105' title='bbox 309 1595 400 1648; x_wconf 90' lang='lat' dir='ltr'><strong>Tu</strong></span> <span class='ocrx_word' id='word_1_106' title='bbox 427 1590 611 1649; x_wconf 89' lang='lat' dir='ltr'><strong>deeris</strong></span> <span class='ocrx_word' id='word_1_107' title='bbox 628 1632 646 1662; x_wconf 86' lang='lat'><strong>,</strong></span> <span class='ocrx_word' id='word_1_108' title='bbox 673 1591 932 1669; x_wconf 85' lang='lat' dir='ltr'><strong>Crispine</strong></span> <span class='ocrx_word' id='word_1_109' title='bbox 952 1633 969 1664; x_wconf 88' lang='lat'>‚</span> <span class='ocrx_word' id='word_1_110' title='bbox 997 1591 1137 1647; x_wconf 83' lang='lat' dir='ltr'><strong>mihi</strong></span> <span class='ocrx_word' id='word_1_111' title='bbox 1153 1610 1170 1664; x_wconf 90' lang='lat'>;</span> <span class='ocrx_word' id='word_1_112' title='bbox 1196 1611 1512 1669; x_wconf 84' lang='lat' dir='ltr'><strong>cuneosque</strong></span> <span class='ocrx_word' id='word_1_113' title='bbox 1537 1611 1641 1669; x_wconf 82' lang='lat' dir='ltr'><strong>per</strong></span> 
     </span>
     <span class='ocr_line' id='line_1_17' title="bbox 526 1697 721 1734; baseline 0.01 -2"><span class='ocrx_word' id='word_1_114' title='bbox 526 1697 721 1734; x_wconf 88' lang='lat' dir='ltr'><strong>omnes</strong></span> 
     </span>
     <span class='ocr_line' id='line_1_18' title="bbox 306 1759 1708 1843; baseline 0.001 -25"><span class='ocrx_word' id='word_1_115' title='bbox 306 1760 388 1819; x_wconf 86' lang='lat' dir='ltr'><strong>Te</strong></span> <span class='ocrx_word' id='word_1_116' title='bbox 420 1782 579 1819; x_wconf 90' lang='lat' dir='ltr'><strong>meus</strong></span> <span class='ocrx_word' id='word_1_117' title='bbox 608 1760 897 1821; x_wconf 83' lang='lat' dir='ltr'><strong>absentem</strong></span> <span class='ocrx_word' id='word_1_118' title='bbox 924 1762 1417 1843; x_wconf 82' lang='lat' dir='ltr'><strong>circumspectabit</strong></span> <span class='ocrx_word' id='word_1_119' title='bbox 1440 1759 1708 1820; x_wconf 71' lang='lat' dir='ltr'><strong>Achillea.</strong></span> 
     </span>
     <span class='ocr_line' id='line_1_19' title="bbox 303 1845 1698 1921; baseline 0.003 -18"><span class='ocrx_word' id='word_1_120' title='bbox 303 1845 416 1904; x_wconf 87' lang='lat' dir='ltr'><strong>Sed</strong></span> <span class='ocrx_word' id='word_1_121' title='bbox 443 1847 636 1905; x_wconf 84' lang='lat' dir='ltr'><strong>venies</strong></span> <span class='ocrx_word' id='word_1_122' title='bbox 661 1849 894 1921; x_wconf 81' lang='lat' dir='ltr'><strong>melior3</strong></span> <span class='ocrx_word' id='word_1_123' title='bbox 920 1863 1113 1907; x_wconf 83' lang='lat' dir='ltr'><strong>vatum</strong></span> <span class='ocrx_word' id='word_1_124' title='bbox 1132 1870 1249 1908; x_wconf 88' lang='lat' dir='ltr'><strong>non</strong></span> <span class='ocrx_word' id='word_1_125' title='bbox 1275 1849 1433 1907; x_wconf 87' lang='lat' dir='ltr'><strong>irrita</strong></span> <span class='ocrx_word' id='word_1_126' title='bbox 1457 1861 1698 1907; x_wconf 82' lang='lat' dir='ltr'><strong>currunt</strong></span> 
     </span>
     <span class='ocr_line' id='line_1_20' title="bbox 307 1931 1694 2011; baseline 0.001 -21"><span class='ocrx_word' id='word_1_127' title='bbox 307 1931 509 1990; x_wconf 84' lang='lat' dir='ltr'><strong>Omina</strong></span> <span class='ocrx_word' id='word_1_128' title='bbox 532 1957 549 2002; x_wconf 76' lang='lat'>3</span> <span class='ocrx_word' id='word_1_129' title='bbox 577 1934 788 2011; x_wconf 89' lang='lat' dir='ltr'><strong>quique</strong></span> <span class='ocrx_word' id='word_1_130' title='bbox 814 1933 1055 2011; x_wconf 86' lang='lat' dir='ltr'><strong>Aquilas</strong></span> <span class='ocrx_word' id='word_1_131' title='bbox 1079 1935 1184 1993; x_wconf 89' lang='lat' dir='ltr'><strong>tibi</strong></span> <span class='ocrx_word' id='word_1_132' title='bbox 1209 1954 1361 1994; x_wconf 87' lang='lat' dir='ltr'><strong>nunc</strong></span> <span class='ocrx_word' id='word_1_133' title='bbox 1378 1977 1396 2007; x_wconf 84' lang='lat'>,</span> <span class='ocrx_word' id='word_1_134' title='bbox 1427 1946 1486 1993; x_wconf 83' lang='lat' dir='ltr'><strong>et</strong></span> <span class='ocrx_word' id='word_1_135' title='bbox 1511 1946 1694 1993; x_wconf 80' lang='lat' dir='ltr'><strong>castra</strong></span> 
     </span>
     <span class='ocr_line' id='line_1_21' title="bbox 511 2019 1592 2091; baseline 0.011 -17"><span class='ocrx_word' id='word_1_136' title='bbox 511 2019 754 2077; x_wconf 76' lang='lat' dir='ltr'><strong>recludit</strong></span> <span class='ocrx_word' id='word_1_137' title='bbox 772 2062 789 2091; x_wconf 88' lang='lat'>,</span> <span class='ocrx_word' id='word_1_138' title='bbox 1586 2080 1592 2086; x_wconf 90' lang='lat'><strong>.</strong></span> 
     </span>
     <span class='ocr_line' id='line_1_22' title="bbox 297 2103 1812 2185; baseline 0.001 -23"><span class='ocrx_word' id='word_1_139' title='bbox 297 2103 459 2162; x_wconf 84' lang='lat' dir='ltr'><strong>Idem</strong></span> <span class='ocrx_word' id='word_1_140' title='bbox 488 2124 678 2161; x_wconf 86' lang='lat' dir='ltr'><strong>omnes</strong></span> <span class='ocrx_word' id='word_1_141' title='bbox 710 2107 966 2185; x_wconf 87' lang='lat' dir='ltr'><strong>perferre</strong></span> <span class='ocrx_word' id='word_1_142' title='bbox 992 2106 1227 2184; x_wconf 83' lang='lat' dir='ltr'><strong>gradus,</strong></span> <span class='ocrx_word' id='word_1_143' title='bbox 1260 2106 1519 2185; x_wconf 85' lang='lat' dir='ltr'><strong>cingique</strong></span> <span class='ocrx_word' id='word_1_144' title='bbox 1550 2104 1812 2183; x_wconf 81' lang='lat' dir='ltr'><strong>superbis</strong></span> 
     </span>
     <span class='ocr_line' id='line_1_23' title="bbox 262 2189 1696 2269; baseline 0.001 -21"><span class='ocrx_word' id='word_1_145' title='bbox 262 2199 273 2208; x_wconf 71' lang='grc'><em>“</em></span> <span class='ocrx_word' id='word_1_146' title='bbox 297 2194 345 2248; x_wconf 90' lang='lat' dir='ltr'><strong>F</strong></span> <span class='ocrx_word' id='word_1_147' title='bbox 348 2189 605 2260; x_wconf 75' lang='lat' dir='ltr'><strong>ascibuS,</strong></span> <span class='ocrx_word' id='word_1_148' title='bbox 638 2202 696 2246; x_wconf 91' lang='lat' dir='ltr'><strong>et</strong></span> <span class='ocrx_word' id='word_1_149' title='bbox 730 2193 944 2269; x_wconf 77' lang='lat' dir='ltr'><strong>patrias</strong></span> <span class='ocrx_word' id='word_1_150' title='bbox 975 2193 1132 2251; x_wconf 85' lang='lat' dir='ltr'><strong>dabit</strong></span> <span class='ocrx_word' id='word_1_151' title='bbox 1157 2191 1422 2249; x_wconf 86' lang='lat' dir='ltr'><strong>insedisse</strong></span> <span class='ocrx_word' id='word_1_152' title='bbox 1456 2190 1696 2249; x_wconf 80' lang='lat' dir='ltr'><strong>curules.</strong></span> 
     </span>
     <span class='ocr_line' id='line_1_24' title="bbox 293 2275 1729 2355; baseline 0.003 -23"><span class='ocrx_word' id='word_1_153' title='bbox 293 2276 403 2333; x_wconf 91' lang='lat' dir='ltr'><strong>Sed</strong></span> <span class='ocrx_word' id='word_1_154' title='bbox 427 2275 554 2354; x_wconf 88' lang='lat' dir='ltr'><strong>quis</strong></span> <span class='ocrx_word' id='word_1_155' title='bbox 575 2275 646 2331; x_wconf 89' lang='lat' dir='ltr'><strong>ab</strong></span> <span class='ocrx_word' id='word_1_156' title='bbox 678 2280 912 2337; x_wconf 88' lang='lat' dir='ltr'><strong>excelsis</strong></span> <span class='ocrx_word' id='word_1_157' title='bbox 937 2282 1195 2355; x_wconf 81' lang='lat' dir='ltr'><strong>Trojanae</strong></span> <span class='ocrx_word' id='word_1_158' title='bbox 1220 2276 1456 2335; x_wconf 86' lang='lat' dir='ltr'><strong>collibus</strong></span> <span class='ocrx_word' id='word_1_159' title='bbox 1482 2278 1673 2350; x_wconf 72' lang='lat' dir='ltr'><strong>Albae,</strong></span> <span class='ocrx_word' id='word_1_160' title='bbox 1724 2323 1729 2328; x_wconf 84' lang='lat'><strong>.</strong></span> 
     </span>
     <span class='ocr_line' id='line_1_25' title="bbox 293 2362 1571 2442; baseline 0.002 -23"><span class='ocrx_word' id='word_1_161' title='bbox 293 2362 454 2419; x_wconf 88' lang='lat' dir='ltr'><strong>Unde</strong></span> <span class='ocrx_word' id='word_1_162' title='bbox 479 2382 586 2418; x_wconf 81' lang='lat' dir='ltr'><strong>suae</strong></span> <span class='ocrx_word' id='word_1_163' title='bbox 614 2363 771 2437; x_wconf 84' lang='lat' dir='ltr'><strong>juxta</strong></span> <span class='ocrx_word' id='word_1_164' title='bbox 801 2377 1130 2442; x_wconf 87' lang='lat' dir='ltr'><strong>prospectat</strong></span> <span class='ocrx_word' id='word_1_165' title='bbox 1165 2364 1368 2421; x_wconf 86' lang='lat' dir='ltr'><strong>moenia</strong></span> <span class='ocrx_word' id='word_1_166' title='bbox 1385 2368 1571 2421; x_wconf 82' lang='lat' dir='ltr'><strong>Romae</strong></span> 
     </span>
     <span class='ocr_line' id='line_1_26' title="bbox 289 2446 1545 2521; baseline 0.003 -19"><span class='ocrx_word' id='word_1_167' title='bbox 289 2446 578 2503; x_wconf 84' lang='lat' dir='ltr'><strong>Proximus</strong></span> <span class='ocrx_word' id='word_1_168' title='bbox 602 2446 691 2504; x_wconf 91' lang='lat' dir='ltr'><strong>ille</strong></span> <span class='ocrx_word' id='word_1_169' title='bbox 712 2450 864 2506; x_wconf 88' lang='lat' dir='ltr'><strong>Deus</strong></span> <span class='ocrx_word' id='word_1_170' title='bbox 883 2490 901 2521; x_wconf 84' lang='lat'><strong>,</strong></span> <span class='ocrx_word' id='word_1_171' title='bbox 928 2447 1075 2508; x_wconf 71' lang='lat' dir='ltr'><strong>fama</strong></span> <span class='ocrx_word' id='word_1_172' title='bbox 1100 2450 1349 2508; x_wconf 85' lang='lat' dir='ltr'><strong>velocior</strong></span> <span class='ocrx_word' id='word_1_173' title='bbox 1376 2449 1545 2506; x_wconf 88' lang='lat' dir='ltr'><strong>intrat</strong></span> 
     </span>
     <span class='ocr_line' id='line_1_27' title="bbox 290 2529 1805 2614; baseline 0.001 -24"><span class='ocrx_word' id='word_1_174' title='bbox 290 2529 538 2590; x_wconf 77' lang='lat' dir='ltr'><strong>Nun‘tius</strong></span> <span class='ocrx_word' id='word_1_175' title='bbox 555 2575 573 2604; x_wconf 84' lang='lat'><em>‚</em></span> <span class='ocrx_word' id='word_1_176' title='bbox 594 2546 762 2611; x_wconf 71' lang='lat' dir='ltr'><strong>atque</strong></span> <span class='ocrx_word' id='word_1_177' title='bbox 797 2548 923 2592; x_wconf 91' lang='lat' dir='ltr'><strong>tuos</strong></span> <span class='ocrx_word' id='word_1_178' title='bbox 949 2534 1179 2613; x_wconf 81' lang='lat' dir='ltr'><strong>implet,</strong></span> <span class='ocrx_word' id='word_1_179' title='bbox 1211 2536 1503 2614; x_wconf 87' lang='lat' dir='ltr'><strong>Crispine,</strong></span> <span class='ocrx_word' id='word_1_180' title='bbox 1526 2531 1805 2613; x_wconf 74' lang='lat' dir='ltr'><strong>penates?</strong></span> 
     </span>
     <span class='ocr_line' id='line_1_28' title="bbox 287 2617 1583 2678; baseline 0.002 -3"><span class='ocrx_word' id='word_1_181' title='bbox 287 2618 560 2676; x_wconf 85' lang='lat' dir='ltr'><strong>Dicebam</strong></span> <span class='ocrx_word' id='word_1_182' title='bbox 585 2633 742 2677; x_wconf 84' lang='lat' dir='ltr'><strong>certe</strong></span> <span class='ocrx_word' id='word_1_183' title='bbox 767 2638 782 2674; x_wconf 79' lang='lat' dir='ltr'>t</span> <span class='ocrx_word' id='word_1_184' title='bbox 805 2633 996 2677; x_wconf 86' lang='lat' dir='ltr'><strong>vatum</strong></span> <span class='ocrx_word' id='word_1_185' title='bbox 1023 2641 1141 2678; x_wconf 87' lang='lat' dir='ltr'><strong>non</strong></span> <span class='ocrx_word' id='word_1_186' title='bbox 1160 2617 1583 2678; x_wconf 58' lang='lat' dir='ltr'><strong>irrita&#39;currunt</strong></span> 
     </span>
     <span class='ocr_line' id='line_1_29' title="bbox 288 2692 1801 2781; baseline 0.004 -22"><span class='ocrx_word' id='word_1_187' title='bbox 288 2706 556 2781; x_wconf 87' lang='lat' dir='ltr'><strong>Auguria.</strong></span> <span class='ocrx_word' id='word_1_188' title='bbox 579 2705 666 2761; x_wconf 90' lang='lat' dir='ltr'><strong>En</strong></span> <span class='ocrx_word' id='word_1_189' title='bbox 684 2705 701 2761; x_wconf 70' lang='lat' dir='ltr'><strong>l</strong></span> <span class='ocrx_word' id='word_1_190' title='bbox 721 2706 922 2781; x_wconf 85' lang='lat' dir='ltr'><strong>ingens</strong></span> <span class='ocrx_word' id='word_1_191' title='bbox 947 2692 1163 2764; x_wconf 69' lang='lat' dir='ltr'><strong>reserat</strong></span> <span class='ocrx_word' id='word_1_192' title='bbox 1192 2706 1295 2763; x_wconf 85' lang='lat' dir='ltr'><strong>tibi</strong></span> <span class='ocrx_word' id='word_1_193' title='bbox 1325 2705 1497 2764; x_wconf 89' lang='lat' dir='ltr'><strong>limen</strong></span> <span class='ocrx_word' id='word_1_194' title='bbox 1513 2706 1801 2766; x_wconf 85' lang='lat' dir='ltr'><strong>honorum</strong></span> 
     </span>
     <span class='ocr_line' id='line_1_30' title="bbox 284 2789 1576 2860; baseline 0.002 -15"><span class='ocrx_word' id='word_1_195' title='bbox 284 2789 471 2846; x_wconf 85' lang='lat' dir='ltr'><strong>Caesar</strong></span> <span class='ocrx_word' id='word_1_196' title='bbox 492 2833 508 2860; x_wconf 89' lang='lat'><strong>,</strong></span> <span class='ocrx_word' id='word_1_197' title='bbox 537 2802 592 2846; x_wconf 87' lang='lat' dir='ltr'><strong>et</strong></span> <span class='ocrx_word' id='word_1_198' title='bbox 612 2789 849 2846; x_wconf 83' lang='lat' dir='ltr'><strong>Ausonii</strong></span> <span class='ocrx_word' id='word_1_199' title='bbox 878 2793 1184 2849; x_wconf 86' lang='lat' dir='ltr'><strong>committit</strong></span> <span class='ocrx_word' id='word_1_200' title='bbox 1206 2791 1393 2849; x_wconf 90' lang='lat' dir='ltr'><strong>munia</strong></span> <span class='ocrx_word' id='word_1_201' title='bbox 1420 2791 1576 2850; x_wconf 83' lang='lat' dir='ltr'><strong>ferri.</strong></span> 
     </span>
     <span class='ocr_line' id='line_1_31' title="bbox 282 2873 1678 2952; baseline 0.002 -23"><span class='ocrx_word' id='word_1_202' title='bbox 282 2873 440 2930; x_wconf 83' lang='lat' dir='ltr'><strong>Vade</strong></span> <span class='ocrx_word' id='word_1_203' title='bbox 461 2916 477 2946; x_wconf 85' lang='lat'>,</span> <span class='ocrx_word' id='word_1_204' title='bbox 504 2895 649 2951; x_wconf 88' lang='lat' dir='ltr'><strong>puer</strong></span> <span class='ocrx_word' id='word_1_205' title='bbox 670 2914 690 2944; x_wconf 89' lang='lat'><strong>,</strong></span> <span class='ocrx_word' id='word_1_206' title='bbox 717 2874 1000 2952; x_wconf 82' lang='lat' dir='ltr'><strong>tantisque</strong></span> <span class='ocrx_word' id='word_1_207' title='bbox 1027 2875 1238 2933; x_wconf 83' lang='lat' dir='ltr'><strong>electus</strong></span> <span class='ocrx_word' id='word_1_208' title='bbox 1266 2876 1457 2933; x_wconf 81' lang='lat' dir='ltr'><strong>suffice</strong></span> <span class='ocrx_word' id='word_1_209' title='bbox 1496 2874 1678 2935; x_wconf 85' lang='lat' dir='ltr'><strong>donis.</strong></span> 
     </span>
     <span class='ocr_line' id='line_1_32' title="bbox 278 2958 1792 3036; baseline 0.002 -22"><span class='ocrx_word' id='word_1_210' title='bbox 278 2958 473 3026; x_wconf 85' lang='lat' dir='ltr'><strong>Felix,</strong></span> <span class='ocrx_word' id='word_1_211' title='bbox 502 2959 600 3034; x_wconf 88' lang='lat' dir='ltr'><strong>qui</strong></span> <span class='ocrx_word' id='word_1_212' title='bbox 626 2979 827 3034; x_wconf 84' lang='lat' dir='ltr'><strong>magno</strong></span> <span class='ocrx_word' id='word_1_213' title='bbox 863 2963 975 3035; x_wconf 79' lang='lat' dir='ltr'><strong>jam</strong></span> <span class='ocrx_word' id='word_1_214' title='bbox 1008 2981 1163 3017; x_wconf 87' lang='lat' dir='ltr'><strong>nunc</strong></span> <span class='ocrx_word' id='word_1_215' title='bbox 1198 2961 1302 3018; x_wconf 88' lang='lat' dir='ltr'><strong>sub</strong></span> <span class='ocrx_word' id='word_1_216' title='bbox 1336 2961 1570 3036; x_wconf 82' lang='lat' dir='ltr'><strong>praeside</strong></span> <span class='ocrx_word' id='word_1_217' title='bbox 1597 2963 1749 3036; x_wconf 87' lang='lat' dir='ltr'><strong>juras</strong></span> <span class='ocrx_word' id='word_1_218' title='bbox 1768 3002 1792 3031; x_wconf 87' lang='lat'>‚</span> 
     </span>
     <span class='ocr_line' id='line_1_33' title="bbox 282 3041 1785 3120; baseline 0.003 -22"><span class='ocrx_word' id='word_1_219' title='bbox 282 3041 503 3116; x_wconf 88' lang='lat' dir='ltr'><strong>Cuique</strong></span> <span class='ocrx_word' id='word_1_220' title='bbox 523 3062 681 3099; x_wconf 85' lang='lat' dir='ltr'><strong>sacer</strong></span> <span class='ocrx_word' id='word_1_221' title='bbox 696 3044 943 3120; x_wconf 82' lang='lat' dir='ltr'><strong>primum</strong></span> <span class='ocrx_word' id='word_1_222' title='bbox 961 3044 1137 3104; x_wconf 85' lang='lat' dir='ltr'><strong>tradit</strong></span> <span class='ocrx_word' id='word_1_223' title='bbox 1154 3044 1529 3105; x_wconf 85' lang='lat' dir='ltr'><strong>Germanicus</strong></span> <span class='ocrx_word' id='word_1_224' title='bbox 1554 3064 1746 3103; x_wconf 89' lang='lat' dir='ltr'><strong>ensem</strong></span> <span class='ocrx_word' id='word_1_225' title='bbox 1767 3050 1785 3102; x_wconf 76' lang='grc' dir='ltr'><strong><em>Ξ</em></strong></span> 
     </span>
    </p>
   </div>
  </div>
 </body>
</html>
