2079 3613
260 253 341 314 58
575 256 1010 323 THEBMDOS,
1063 261 1206 310 ΠΒ.
1258 264 1368 312 111.
1461 262 1535 338 49

249 363 404 413 Luce
427 368 625 431 patent
647 342 825 413 caedes
850 379 861 411 :
885 356 1112 413 domino
1137 360 1389 434 perferre
1415 373 1676 417 recentes

249 450 379 523 Ipse
405 446 561 502 timet
587 467 773 515 casm,
808 446 1123 522 haustaque
1150 447 1402 505 informis
1427 470 1597 505 arena

250 538 549 614 Questibus
564 539 764 614 implet
780 559 942 616 agros
957 582 973 610 ‚
993 540 1307 617 stabulique
1325 541 1545 599 silentia
1562 543 1746 619 magni

245 629 405 701 Odit,
435 642 488 687 et
516 630 746 685 amissos
771 629 939 706 longo
966 633 1077 687 ciet
1103 631 1300 687 ordine
1330 644 1541 687 tauros.

316 721 483 778 Illum
509 734 781 798 congestae
797 736 1090 800 portarum
1113 724 1185 779 ad
1204 722 1398 780 limina
1425 738 1626 781 matres

243 819 323 874 Ut
341 813 524 872 solum
548 815 738 870 videre
759 859 774 887 ,
800 817 960 871 nefas
981 820 994 871 l
1030 815 1184 871 nulla
1214 816 1432 891 agmina
1460 817 1668 873 circum
1686 859 1702 887 ‚

243 907 739 983 Magnanimosque
756 907 940 976 duceS,
958 905 1096 962 nihil
1108 927 1251 962 ausae
1267 927 1532 982 quaerere,
1544 907 1744 964 tollunt

244 999 560 1057 Clamorem
580 1043 594 1071 ‚
624 1001 773 1059 bello
800 1000 980 1078 qualis
1007 1020 1301 1078 supremus
1332 1003 1540 1079 apertis

244 1091 513 1163 Urbibus,
543 1107 636 1150 aut
659 1095 861 1172 pelago
885 1096 998 1171 jam
1025 1094 1406 1152 descendente
1434 1094 1641 1151 carina.

310 1186 388 1243 Ut
409 1187 650 1264 primum
674 1188 842 1244 invisi
868 1187 1072 1259 cupido
1100 1187 1232 1242 data
1256 1187 1421 1261 copia
1450 1189 1595 1264 regis
1622 1210 1632 1242 :

247 1304 276 1337 (ι
296 1284 458 1337 Hanc
483 1279 584 1334 tibi
610 1282 682 1335 de
708 1293 863 1336 tanto
889 1278 1062 1336 donat
1096 1280 1252 1337 ferus
1278 1281 1496 1356 agmine
1515 1283 1743 1357 Tydeus

245 1391 276 1422 κ
296 1364 596 1424 Infelicem
622 1364 893 1432 animam3
923 1366 1042 1421 sive
1068 1363 1183 1419 haec
1209 1366 1488 1421 sententia
1509 1368 1743 1439 Divum,

245 1479 274 1512 κ
296 1458 407 1511 Seu
431 1454 653 1510 fortuna
676 1454 784 1509 fuit
813 1472 827 1507 τ
858 1472 985 1521 seu,
1012 1451 1163 1527 quod
1187 1453 1363 1530 pudet
1389 1473 1484 1509 ore
1507 1453 1705 1527 fateri,

244 1564 276 1594 ι(
295 1540 401 1599 Vis
425 1539 637 1595 invicta
658 1538 780 1595 viri.
804 1538 912 1594 Vix
938 1537 1107 1593 credo
1134 1551 1190 1595 et
1216 1537 1475 1596 nuntius:
1510 1559 1703 1595 omnes
1724 1582 1741 1611 ,

222 1649 276 1683 uot
295 1625 652 1682 Procubuere
679 1643 884 1680 omnes.
914 1623 1112 1679 Noctis
1139 1643 1277 1698 vaga
1311 1624 1519 1679 lumina
1565 1636 1740 1680 testor

247 1735 275 1765 κ
295 1712 367 1767 Et
391 1710 602 1766 socium
626 1729 849 1779 maneS‚
885 1721 940 1765 et
971 1723 1022 1766 te
1044 1749 1059 1778 ,
1086 1710 1227 1765 mala
1252 1712 1511 1786 protinus
1541 1710 1682 1780 ales.,

247 1822 277 1852 κ
296 1799 418 1872 Qua
444 1794 615 1852 redeo
644 1814 658 1849 ε
688 1815 802 1851 non
819 1794 966 1854 hanc
991 1794 1252 1875 lacrymis
1276 1798 1543 1855 meruisse
1560 1839 1575 1868 ‚
1605 1817 1717 1854 nec

389 1895 516 1939 astu

244 1989 273 2021 ct
294 1965 593 2024 Crudelem
606 1969 842 2039 veniam,
860 1982 1025 2046 atque
1036 1969 1327 2026 inhonorae
1338 1987 1564 2022 munera
1576 1967 1739 2025 lucis-

245 2076 274 2106 «
294 2050 407 2109 Sed
425 2049 718 2126 mihijussa
735 2054 920 2109 Deum
934 2096 951 2126 .,
972 2054 1300 2130 placitoque
1320 2053 1508 2127 ignara
1526 2051 1743 2113 moveri

243 2162 272 2194 κ
294 2140 571 2213 Atrop05‚
600 2151 768 2216 atque
796 2138 926 2195 olim
947 2160 1063 2194 non
1085 2139 1207 2195 haee
1232 2138 1362 2192 data
1387 2139 1552 2211 janua
1578 2138 1695 2209 leti,

244 2245 275 2276 κ
293 2222 565 2299 Eripuere
588 2244 806 2282 necem.
832 2226 1074 2299 Jamque
1100 2235 1161 2277 ut
1188 2220 1326 2274 mihi
1351 2221 1586 2297 prodiga
1611 2224 1737 2280 vitae

242 2332 272 2362 α
292 2311 539 2379 Pectora,
556 2321 612 2365 et
628 2324 937 2366 extremam
949 2305 1484 2363 nihilhorrescentia
1498 2321 1737 2364 mortem

238 2393 567 2472 «Aspiciasg.
603 2394 813 2450 belliun
850 2390 1141 2448 infandum
1168 2432 1184 2460 .,
1226 2390 1614 2466 ominibusque

383 2490 646 2554 negatam
861 2538 864 2541 ⁴

240 2589 270 2619 κ
289 2564 552 2632 Movisti,
581 2564 802 2619 funeste
823 2604 840 2627 ,
868 2562 1077 2633 aciem,
1109 2563 1240 2620 dum
1265 2561 1475 2639 pellere
1496 2562 1686 2639 leges,

239 2673 267 2703 κ
286 2652 357 2706 Et
379 2645 791 2724 consanguineo
817 2646 996 2723 gliscis
1024 2669 1258 2725 regnare
1284 2649 1557 2725 superbus

241 2757 271 2788 κ
288 2736 511 2791 Exsule.
541 2739 623 2790 Te
650 2731 822 2790 series
848 2735 1114 2792 orbarum
1143 2734 1330 2790 excisa
1358 2735 1647 2792 domorum

242 2822 608 2884 “Planctibus
635 2826 898 2895 assiduiS‚
933 2838 988 2882 te
1017 2827 1144 2883 diro
1168 2825 1399 2882 horrore
1427 2826 1673 2886 volantes

241 2934 271 2964 κ
291 2908 703 2984 Quinquaginta
744 2912 938 2988 animae
965 2952 981 2983 2
1027 2911 1236 2971 circum
1273 2924 1577 2992 noctesque
1600 2954 1616 2985 ‚

385 2993 619 3075 diesque
635 3041 655 3068 ,
