2079 3613
221 256 347 355 244'
484 290 932 355 THEBAIDOS,
984 293 1133 341 Lm.
1189 290 1291 343 1x-.
1338 280 1343 285 ’
1444 312 1514 349 20

216 416 245 444 «
269 390 384 446 Illis
408 388 553 445 nuda
580 387 706 444 odia
724 430 739 457 ‚
772 402 827 443 et
854 387 1038 447 feritas
1064 389 1171 460 jam
1201 409 1312 442 non
1338 401 1462 463 eget
1491 392 1680 448 armis.

216 498 245 527 «
267 474 357 530 Sic
381 486 651 549 peragant
674 471 891 542 rabidi,
924 472 1186 547 claraque
1213 472 1321 527 hac
1347 473 1514 531 laude

315 558 322 567 “
433 561 723 625 fruantur,
1580 612 1589 637 x

218 669 246 701 α
265 650 408 702 Dum
437 644 630 715 videas
654 643 801 709 haec,
830 663 1037 699 summe
1068 648 1264 720 pater!
1294 644 1585 702 Sedenim

428 729 649 784 hiscere
677 748 905 803 campos

214 838 243 869 α
266 813 577 889 Conquesti
593 855 609 884 ,
634 827 904 888 terraeque
933 815 1119 890 fugam
1142 813 1464 871 mirantur?
1490 818 1570 871 An

436 898 573 953 istos

216 985 375 1045 «Vel
402 1002 498 1040 sua
517 996 705 1063 portet
730 982 977 1040 humus?
990 1008 1018 1035 »
1050 988 1291 1060 Magne,
1322 986 1400 1042 sic
1422 987 1601 1054 fatus,
1658 1058 1663 1065 ἱ

437 1069 635 1146 agebat

208 1156 880 1231 Procursu‚f1em1tuque
907 1156 1072 1213 viros.
1103 1160 1284 1214 Furor
1311 1160 1565 1215 omnibus

436 1243 629 1297 idem.
703 1294 706 1295 a

213 1327 435 1408 Tydeos
462 1325 618 1380 invisi
640 1324 831 1401 spoliis
849 1369 864 1392 ,
891 1338 1167 1401 raptoque
1194 1325 1364 1402 potiri

211 1419 488 1489 Corpore.
517 1410 644 1463 Non
673 1408 833 1475 aliter
855 1409 1160 1465 subtexunt
1186 1423 1597 1491 astra-catervae

210 1501 563 1556 Incestarum
590 1494 774 1550 avium
792 1535 809 1568 ‚
836 1493 1003 1569 longe
1028 1493 1230 1569 quibus
1256 1516 1388 1552 aura
1414 1510 1712 1553 nocentem

215 1585 397 1651 Aera,
425 1583 789 1654 desertasque
816 1578 942 1634 tulit
968 1578 1086 1635 sine
1114 1579 1308 1637 funere
1334 1595 1559 1640 mortes.

213 1668 327 1723 Illo
354 1663 530 1723 avidae
552 1684 680 1720 cum
701 1682 841 1720 voce
866 1675 1072 1719 ruunt:
1092 1676 1252 1719 sonat
1277 1665 1482 1722 arduus
1507 1667 1675 1724 aether

209 1749 529 1824 Plausibus.‚
559 1760 616 1804 et
647 1745 785 1805 coelo
812 1747 1071 1805 volucres
1097 1767 1308 1806 cessere
1334 1751 1596 1810 minores-

279 1842 444 1893 Fama
470 1855 576 1911 per
600 1832 850 1890 Aonium
873 1832 1077 1912 rapido
1105 1854 1245 1911 vaga
1267 1841 1553 1895 murmure

432 1939 691 1997 campum
742 1984 746 1988 .

208 2008 498 2084 Spargitur
521 2004 582 2061 in
607 2018 845 2074 turmas,
876 2004 1036 2059 solito
1058 2004 1344 2081 pernicior
1368 2006 1540 2067 index
1556 2047 1572 2076 ‚

210 2094 357 2148 Cum
384 2088 623 2163 lugenda
645 2090 819 2144 refert
844 2110 856 2142 ε
886 2087 1069 2143 donec
1097 2089 1189 2144 cui
1214 2090 1456 2147 maxima
1479 2092 1646 2149 sando

209 2179 428 2233 Damna
455 2172 611 2231 vehit
630 2214 646 2242 ‚
670 2171 921 2249 trepidas
943 2172 1103 2248 lapsa
1131 2189 1213 2233 est
1231 2176 1506 2254 Polynicis
1529 2179 1598 2231 ad

431 2277 613 2313 aures,

206 2343 453 2418 Diriguit
474 2342 723 2422 ῇυγεηίε,
752 2339 1122 2419 lacrymaeque
1147 2343 1355 2400 haesere
1382 2356 1589 2420 paratae
1602 2388 1621 2413 ,
1668 2340 1672 2344 ’

206 2430 280 2483 Et
304 2439 562 2483 cunctata
585 2425 750 2482 fides.
781 2426 1027 2484 Nimium
1053 2450 1178 2485 nam
1206 2429 1430 2505 cognita
1454 2428 1630 2487 virtus

205 2512 465 2579 OEnidae,
494 2510 651 2567 credi
672 2510 848 2567 letum
874 2514 1185 2590 suadetque
1214 2528 1499 2592 vetatque.

205 2603 315 2658 Sed
340 2600 814 2688 postquam'haud
834 2601 1005 2659 dubio
1028 2602 1215 2659 clades
1232 2616 1459 2659 auctore
1479 2612 1703 2676 reperta

422 2699 530 2754 est,

204 2770 348 2828 Nox
359 2773 583 2843 ocuIOS,
612 2786 969 2847 mentemque
994 2770 1161 2844 rapit.
1191 2774 1338 2824 Tum
1363 2768 1627 2842 sanguine

186 2925 189 2928 Δ
428 2857 541 2913 fixo

204 2940 457 2998 Membra
482 2940 677 3012 simul,
706 2938 868 2999 simul
902 2957 1054 2996 arma
1089 2949 1279 2996 ruunt.
1307 2938 1499 2999 Madet
1525 2940 1701 2999 ardua
1752 2965 1753 2968 ¹

413 3023 549 3081 fletu
681 3033 684 3036 ’
871 3045 874 3046 ’
1518 3054 1523 3058 ·
