2079 3613
278 272 406 357 370
568 286 1009 353 ΤΗΕΒΑῙυοε,
1063 291 1206 340 ΜΒ.
1258 294 1368 342 x1.
1490 288 1600 364 456

271 382 554 443 Secessere
582 385 787 444 trabes,
813 388 1156 446 Conclamat
1175 389 1365 446 territa
1388 391 1577 468 virgo:

351 495 378 524 ιι
397 472 722 530 Occidimus
746 478 759 529 Ξ
787 475 1117 551 functasque
1141 495 1308 531 manu
1331 475 1744 537 stimulavimus
1777 486 1782 491 ’

487 578 616 614 iras.
1367 600 1374 605 -

271 664 301 694 «ι
322 643 523 700 Frater
546 658 662 702 erat
688 651 700 701 Ξ
733 645 870 719 Quis
897 646 1047 703 enim
1085 664 1340 702 accessus
1357 645 1509 702 ferus
1530 645 1775 722 hospitis

494 731 703 789 umbrae

270 851 300 881 α
319 827 600 886 Pelleret?
626 851 695 886 en
718 829 902 908 clypei
927 830 1184 907 fragmen
1208 875 1223 901 ‚
1254 831 1627 908 semiustaque

487 936 659 973 nosco

267 1018 295 1057 §t
321 997 561 1076 Cingula
582 1044 596 1071 ‚
628 1001 799 1058 frater
824 1006 974 1059 erat!
1003 1001 1273 1059 Cernisne
1302 1015 1363 1059 ut
1390 1002 1607 1058 flamma

489 1085 755 1156 recedat,

263 1191 291 1222 α
317 1169 746 1247 Concurratque
772 1173 1001 1232 tamen?
1022 1173 1221 1232 vivunt
1247 1171 1377 1230 odia
1404 1173 1661 1250 improba
1687 1215 1703 1244 ‚

466 1256 680 1325 ³vivunt.

262 1374 296 1401 α
314 1351 405 1407 Nil
430 1365 615 1409 actum
634 1352 800 1411 bello.
819 1354 1047 1425 Miseri,
1067 1355 1151 1414 sic
1178 1354 1313 1411 dum
1338 1375 1493 1413 arma

479 1439 721 1495 movetis
747 1481 762 1507 ,

261 1559 291 1587 «
310 1533 468 1596 Vicit
482 1554 690 1614 nempe
718 1538 922 1594 Creon.
949 1537 1241 1614 Nusquam
1268 1539 1381 1615 jam
1406 1557 1596 1615 regna.
1619 1537 1762 1610 Quis

475 1620 686 1678 ardor?

259 1737 289 1767 «
311 1716 415 1771 Cui
441 1716 666 1776 furitis?
693 1719 884 1776 sedate
907 1718 1102 1775 minas.
1125 1721 1323 1795 Tuque
1342 1719 1498 1778 exsul
1523 1719 1739 1796 ubique

259 1824 288 1854 «
305 1801 540 1880 Semper
559 1806 722 1884 inops
747 1805 919 1883 aequi,
947 1809 1062 1883 jam
1081 1804 1243 1863 cede.
1269 1808 1393 1863 Hoc
1420 1819 1599 1884 nupta

481 1905 751 1968 precatur
777 1934 795 1965 ,

253 2009 281 2040 α
306 1988 429 2044 Hoc
455 2008 644 2060 soror,
677 2001 773 2046 aut
793 2009 966 2049 saevos
983 1987 1185 2045 mediae
1198 1989 1488 2057 veniemus
1502 1990 1562 2047 in

460 2074 631 2150 ignes·
663 2100 693 2128 »
1303 2137 1306 2142 ,

323 2156 438 2214 Vix
464 2178 559 2229 ea,
587 2179 716 2217 cum
735 2158 951 2216 subitus
975 2179 1205 2236 campos
1231 2173 1467 2231 tremor,
1489 2162 1716 2238 altaque

478 2249 625 2301 tecta

245 2337 481 2415 Impulit
499 2380 516 2409 ,
543 2338 870 2419 adjuvitque
894 2340 1016 2417 rogi
1031 2340 1306 2399 discordis
1320 2344 1507 2401 hiatus
1523 2385 1538 2410 ‚

242 2427 314 2480 Et
336 2424 558 2501 vigilum
586 2426 806 2484 turbata
822 2430 976 2505 quies
992 2470 1008 2499 ‚
1038 2428 1243 2505 quibus
1267 2430 1387 2507 ipse
1406 2427 1677 2483 malorum

241 2512 518 2587 Fingebat
541 2514 833 2571 simulacra
861 2536 1051 2592 sopor.
1075 2516 1202 2572 Ruit
1228 2515 1384 2571 ilicet
1402 2556 1419 2585 ,
1442 2532 1667 2570 omnem
1759 2595 1766 2598 k

239 2600 602 2674 Prospectum
625 2598 862 2657 lustrans
887 2613 1100 2656 armata
1127 2599 1394 2677 indagine
1421 2598 1597 2655 miles».

239 2683 373 2740 Illos
397 2684 666 2741 instantes
692 2687 878 2744 senior
902 2686 1065 2743 timet
1089 2703 1269 2755 unus;
1299 2698 1355 2740 at
1372 2686 1506 2761 ipsae

237 2773 391 2825 Ante
411 2791 608 2847 rogum
630 2814 645 2841 ‚
668 2774 917 2849 saevique
942 2771 1128 2849 palam
1152 2769 1425 2846 sprevisse
1448 2765 1710 2825 Creontis

221 2856 487 2931 ¹Imperia
505 2899 520 2926 ‚
554 2870 610 2913 et
636 2859 845 2915 furtum
867 2859 1018 2915 claro
1045 2856 1316 2933 plangore
1346 2859 1597 2912 fatentur
1652 2857 1672 2872 '

237 2942 486 3010 Securae,
518 2945 731 3020 quippe
761 2964 926 2999 omne
955 2943 1152 3001 vident
1176 2941 1392 2997 fluxisse
1423 2941 1689 3001 cadaver.

231 3026 545 3103 Ambigitur
561 3047 706 3086 saeva
733 3028 804 3084 de
823 3041 1004 3085 morte
1020 3070 1034 3098 ‚
1063 3027 1418 3103 animosaque
1441 3025 1543 3085 leti

1739 2425 1776 2444 0
