<?xml version="1.0" encoding="UTF-8"?>
<!DOCTYPE html PUBLIC "-//W3C//DTD XHTML 1.0 Transitional//EN"
    "http://www.w3.org/TR/xhtml1/DTD/xhtml1-transitional.dtd">
<html xmlns="http://www.w3.org/1999/xhtml" xml:lang="en" lang="en">
 <head>
  <title>
</title>
<meta http-equiv="Content-Type" content="text/html;charset=utf-8" />
  <meta name='ocr-system' content='tesseract 3.04.00' />
  <meta name='ocr-capabilities' content='ocr_page ocr_carea ocr_par ocr_line ocrx_word'/>
</head>
<body>
  <div class='ocr_page' id='page_1' title='image "./operaadoptimeed00statgoog/operaadoptimeed00statgoog_0276.png"; bbox 0 0 2079 3613; ppageno 0'>
   <div class='ocr_carea' id='block_1_1' title="bbox 281 238 1547 312">
    <p class='ocr_par' dir='ltr' id='par_1_1' title="bbox 281 238 1547 312">
     <span class='ocr_line' id='line_1_1' title="bbox 281 238 1547 312; baseline 0.001 -13"><span class='ocrx_word' id='word_1_1' title='bbox 281 238 410 311; x_wconf 73' lang='lat'><strong>248</strong></span> <span class='ocrx_word' id='word_1_2' title='bbox 551 248 991 312; x_wconf 67' lang='lat' dir='ltr'><strong>THEBMDOS,</strong></span> <span class='ocrx_word' id='word_1_3' title='bbox 1043 249 1188 297; x_wconf 80' lang='lat' dir='ltr'><strong>me.</strong></span> <span class='ocrx_word' id='word_1_4' title='bbox 1240 251 1343 298; x_wconf 83' lang='lat' dir='ltr'><strong>1x.</strong></span> <span class='ocrx_word' id='word_1_5' title='bbox 1448 267 1547 305; x_wconf 67' lang='grc' dir='ltr'><strong>ιη</strong></span> 
     </span>
    </p>
   </div>
   <div class='ocr_carea' id='block_1_2' title="bbox 193 342 1774 3036">
    <p class='ocr_par' dir='ltr' id='par_1_2' title="bbox 271 342 1591 506">
     <span class='ocr_line' id='line_1_2' title="bbox 271 342 1591 421; baseline -0.001 -19"><span class='ocrx_word' id='word_1_6' title='bbox 271 346 554 415; x_wconf 80' lang='lat' dir='ltr'><strong>Obversus</strong></span> <span class='ocrx_word' id='word_1_7' title='bbox 579 344 796 401; x_wconf 88' lang='lat' dir='ltr'><strong>cunctis</strong></span> <span class='ocrx_word' id='word_1_8' title='bbox 821 345 1072 421; x_wconf 82' lang='lat' dir='ltr'><strong>profert,</strong></span> <span class='ocrx_word' id='word_1_9' title='bbox 1103 342 1418 420; x_wconf 74' lang='lat' dir='ltr'><strong>recipitque</strong></span> <span class='ocrx_word' id='word_1_10' title='bbox 1437 387 1463 414; x_wconf 14' lang='lat'><strong>‚⁷</strong></span> <span class='ocrx_word' id='word_1_11' title='bbox 1481 363 1591 413; x_wconf 84' lang='lat' dir='ltr'><strong>nec</strong></span> 
     </span>
     <span class='ocr_line' id='line_1_3' title="bbox 493 450 742 506; baseline -0.008 -20"><span class='ocrx_word' id='word_1_12' title='bbox 493 450 742 506; x_wconf 89' lang='lat' dir='ltr'><strong>unquam</strong></span> 
     </span>
    </p>

    <p class='ocr_par' dir='ltr' id='par_1_3' title="bbox 268 515 1736 594">
     <span class='ocr_line' id='line_1_4' title="bbox 268 515 1736 594; baseline -0.002 -21"><span class='ocrx_word' id='word_1_13' title='bbox 268 519 513 594; x_wconf 78' lang='lat' dir='ltr'><strong>Longius</strong></span> <span class='ocrx_word' id='word_1_14' title='bbox 538 517 785 590; x_wconf 73' lang='lat' dir='ltr'>indulget</span> <span class='ocrx_word' id='word_1_15' title='bbox 813 515 1053 582; x_wconf 74' lang='lat' dir='ltr'><strong>dextrae,</strong></span> <span class='ocrx_word' id='word_1_16' title='bbox 1082 527 1377 591; x_wconf 87' lang='lat' dir='ltr'><strong>motusque</strong></span> <span class='ocrx_word' id='word_1_17' title='bbox 1404 535 1512 591; x_wconf 86' lang='lat' dir='ltr'><strong>per</strong></span> <span class='ocrx_word' id='word_1_18' title='bbox 1541 533 1736 592; x_wconf 70' lang='lat' dir='ltr'><strong>omnes</strong></span> 
     </span>
    </p>

    <p class='ocr_par' dir='ltr' id='par_1_4' title="bbox 249 599 1575 762">
     <span class='ocr_line' id='line_1_5' title="bbox 249 599 1575 683; baseline -0.003 -24"><span class='ocrx_word' id='word_1_19' title='bbox 249 604 491 681; x_wconf 29' lang='lat' dir='ltr'><strong>‚Corpus</strong></span> <span class='ocrx_word' id='word_1_20' title='bbox 516 615 662 657; x_wconf 83' lang='lat' dir='ltr'><strong>amat</strong></span> <span class='ocrx_word' id='word_1_21' title='bbox 693 623 704 655; x_wconf 75' lang='grc' dir='ltr'>ς</span> <span class='ocrx_word' id='word_1_22' title='bbox 735 619 941 675; x_wconf 74' lang='lat' dir='ltr'><strong>corpus</strong></span> <span class='ocrx_word' id='word_1_23' title='bbox 966 619 1220 683; x_wconf 81' lang='lat' dir='ltr'><strong>servanS,</strong></span> <span class='ocrx_word' id='word_1_24' title='bbox 1250 599 1575 675; x_wconf 83' lang='lat' dir='ltr'>circumque</span> 
     </span>
     <span class='ocr_line' id='line_1_6' title="bbox 487 706 870 762; baseline 0 -22"><span class='ocrx_word' id='word_1_25' title='bbox 487 706 769 762; x_wconf 78' lang='lat' dir='ltr'>supraque</span> <span class='ocrx_word' id='word_1_26' title='bbox 867 754 870 759; x_wconf 14' lang='grc' dir='ltr'>ἡ</span> 
     </span>
    </p>

    <p class='ocr_par' dir='ltr' id='par_1_5' title="bbox 267 767 1773 843">
     <span class='ocr_line' id='line_1_7' title="bbox 267 767 1773 843; baseline -0.003 -17"><span class='ocrx_word' id='word_1_27' title='bbox 267 769 544 826; x_wconf 81' lang='lat' dir='ltr'><strong>Vertitur.</strong></span> <span class='ocrx_word' id='word_1_28' title='bbox 581 770 877 824; x_wconf 83' lang='lat' dir='ltr'><strong>‘Imbellcm</strong></span> <span class='ocrx_word' id='word_1_29' title='bbox 906 787 1020 821; x_wconf 89' lang='lat' dir='ltr'><strong>non</strong></span> <span class='ocrx_word' id='word_1_30' title='bbox 1047 768 1124 822; x_wconf 90' lang='lat' dir='ltr'><strong>sic</strong></span> <span class='ocrx_word' id='word_1_31' title='bbox 1152 767 1406 843; x_wconf 84' lang='lat' dir='ltr'><strong>amplexa</strong></span> <span class='ocrx_word' id='word_1_32' title='bbox 1433 769 1735 842; x_wconf 88' lang='lat' dir='ltr'><strong>juvencum</strong></span> <span class='ocrx_word' id='word_1_33' title='bbox 1757 809 1773 838; x_wconf 87' lang='lat'><strong>,</strong></span> 
     </span>
    </p>

    <p class='ocr_par' dir='ltr' id='par_1_6' title="bbox 267 853 1578 929">
     <span class='ocr_line' id='line_1_8' title="bbox 267 853 1578 929; baseline -0.003 -17"><span class='ocrx_word' id='word_1_34' title='bbox 267 857 579 913; x_wconf 64' lang='lat' dir='ltr'><strong>{infestante</strong></span> <span class='ocrx_word' id='word_1_35' title='bbox 606 856 742 929; x_wconf 85' lang='lat' dir='ltr'><strong>lupo</strong></span> <span class='ocrx_word' id='word_1_36' title='bbox 760 897 775 925; x_wconf 80' lang='lat'><strong>‚</strong></span> <span class='ocrx_word' id='word_1_37' title='bbox 808 875 932 911; x_wconf 87' lang='lat' dir='ltr'><strong>cum</strong></span> <span class='ocrx_word' id='word_1_38' title='bbox 954 853 1200 927; x_wconf 87' lang='lat' dir='ltr'><strong>primum</strong></span> <span class='ocrx_word' id='word_1_39' title='bbox 1226 853 1355 909; x_wconf 85' lang='lat' dir='ltr'><strong>foeta</strong></span> <span class='ocrx_word' id='word_1_40' title='bbox 1386 866 1578 929; x_wconf 83' lang='lat' dir='ltr'><strong>tuetur</strong></span> 
     </span>
    </p>

    <p class='ocr_par' dir='ltr' id='par_1_7' title="bbox 268 940 1614 1016">
     <span class='ocr_line' id='line_1_9' title="bbox 268 940 1614 1016; baseline -0.001 -20"><span class='ocrx_word' id='word_1_41' title='bbox 268 943 483 1008; x_wconf 80' lang='lat' dir='ltr'><strong>Mater,</strong></span> <span class='ocrx_word' id='word_1_42' title='bbox 516 952 569 994; x_wconf 91' lang='lat' dir='ltr'><strong>et</strong></span> <span class='ocrx_word' id='word_1_43' title='bbox 600 940 832 1016; x_wconf 83' lang='lat' dir='ltr'><strong>ancipiti</strong></span> <span class='ocrx_word' id='word_1_44' title='bbox 862 941 1181 999; x_wconf 74' lang='lat' dir='ltr'>circumfert</span> <span class='ocrx_word' id='word_1_45' title='bbox 1205 960 1414 994; x_wconf 87' lang='lat' dir='ltr'><strong>cornua</strong></span> <span class='ocrx_word' id='word_1_46' title='bbox 1443 960 1614 1015; x_wconf 84' lang='lat' dir='ltr'><strong>gyro:</strong></span> 
     </span>
    </p>

    <p class='ocr_par' dir='ltr' id='par_1_8' title="bbox 267 1022 1686 1099">
     <span class='ocr_line' id='line_1_10' title="bbox 267 1022 1686 1099; baseline 0.001 -21"><span class='ocrx_word' id='word_1_47' title='bbox 267 1026 404 1098; x_wconf 83' lang='lat' dir='ltr'><strong>Ipsa</strong></span> <span class='ocrx_word' id='word_1_48' title='bbox 430 1025 570 1080; x_wconf 83' lang='lat' dir='ltr'><strong>nihil</strong></span> <span class='ocrx_word' id='word_1_49' title='bbox 594 1022 888 1097; x_wconf 83' lang='lat' dir='ltr'><strong>metuens,</strong></span> <span class='ocrx_word' id='word_1_50' title='bbox 916 1044 1193 1099; x_wconf 76' lang='lat' dir='ltr'><strong>sexusque</strong></span> <span class='ocrx_word' id='word_1_51' title='bbox 1221 1024 1393 1080; x_wconf 87' lang='lat' dir='ltr'><strong>oblita</strong></span> <span class='ocrx_word' id='word_1_52' title='bbox 1418 1024 1646 1079; x_wconf 86' lang='lat' dir='ltr'><strong>minoris</strong></span> <span class='ocrx_word' id='word_1_53' title='bbox 1666 1065 1686 1094; x_wconf 80' lang='lat'>‚</span> 
     </span>
    </p>

    <p class='ocr_par' dir='ltr' id='par_1_9' title="bbox 267 1108 1648 1187">
     <span class='ocr_line' id='line_1_11' title="bbox 267 1108 1648 1187; baseline 0.001 -25"><span class='ocrx_word' id='word_1_54' title='bbox 267 1113 529 1186; x_wconf 81' lang='lat' dir='ltr'><strong>Spumat,</strong></span> <span class='ocrx_word' id='word_1_55' title='bbox 558 1124 613 1166; x_wconf 89' lang='lat' dir='ltr'><strong>et</strong></span> <span class='ocrx_word' id='word_1_56' title='bbox 643 1111 898 1187; x_wconf 82' lang='lat' dir='ltr'><strong>ingentes</strong></span> <span class='ocrx_word' id='word_1_57' title='bbox 922 1110 1167 1165; x_wconf 79' lang='lat' dir='ltr'>imitatur</span> <span class='ocrx_word' id='word_1_58' title='bbox 1196 1108 1416 1165; x_wconf 75' lang='lat' dir='ltr'><strong>faemina</strong></span> <span class='ocrx_word' id='word_1_59' title='bbox 1444 1122 1648 1164; x_wconf 86' lang='lat' dir='ltr'><strong>tauros.</strong></span> 
     </span>
    </p>

    <p class='ocr_par' dir='ltr' id='par_1_10' title="bbox 193 1193 1702 1267">
     <span class='ocr_line' id='line_1_12' title="bbox 193 1193 1702 1267; baseline -0.001 -19"><span class='ocrx_word' id='word_1_60' title='bbox 193 1255 198 1260; x_wconf 50' lang='grc'>,</span> <span class='ocrx_word' id='word_1_61' title='bbox 269 1196 524 1251; x_wconf 84' lang='lat' dir='ltr'><strong>Tandem</strong></span> <span class='ocrx_word' id='word_1_62' title='bbox 552 1194 859 1249; x_wconf 86' lang='lat' dir='ltr'><strong>intermissa</strong></span> <span class='ocrx_word' id='word_1_63' title='bbox 887 1193 1228 1265; x_wconf 75' lang='lat' dir='ltr'><strong>iaculantum</strong></span> <span class='ocrx_word' id='word_1_64' title='bbox 1254 1194 1418 1267; x_wconf 70' lang='lat' dir='ltr'><strong>nube,</strong></span> <span class='ocrx_word' id='word_1_65' title='bbox 1452 1203 1702 1267; x_wconf 82' lang='lat' dir='ltr'><strong>potestas</strong></span> 
     </span>
    </p>

    <p class='ocr_par' dir='ltr' id='par_1_11' title="bbox 270 1276 1705 1352">
     <span class='ocr_line' id='line_1_13' title="bbox 270 1276 1705 1352; baseline 0 -21"><span class='ocrx_word' id='word_1_66' title='bbox 270 1279 537 1333; x_wconf 81' lang='lat' dir='ltr'><strong>&#39;Reddere</strong></span> <span class='ocrx_word' id='word_1_67' title='bbox 560 1276 669 1332; x_wconf 85' lang='lat' dir='ltr'><strong>tela</strong></span> <span class='ocrx_word' id='word_1_68' title='bbox 693 1278 829 1348; x_wconf 78' lang='lat' dir='ltr'><strong>suit3</strong></span> <span class='ocrx_word' id='word_1_69' title='bbox 858 1297 1101 1351; x_wconf 84' lang='lat' dir='ltr'><strong>namque</strong></span> <span class='ocrx_word' id='word_1_70' title='bbox 1129 1291 1183 1332; x_wconf 87' lang='lat' dir='ltr'><strong>et</strong></span> <span class='ocrx_word' id='word_1_71' title='bbox 1205 1277 1506 1352; x_wconf 82' lang='lat' dir='ltr'><strong>Sicyonius</strong></span> <span class='ocrx_word' id='word_1_72' title='bbox 1531 1276 1705 1333; x_wconf 75' lang='lat' dir='ltr'><strong>Alcon</strong></span> 
     </span>
    </p>

    <p class='ocr_par' dir='ltr' id='par_1_12' title="bbox 269 1363 1535 1438">
     <span class='ocr_line' id='line_1_14' title="bbox 269 1363 1535 1438; baseline 0.001 -21"><span class='ocrx_word' id='word_1_73' title='bbox 269 1364 524 1418; x_wconf 80' lang='lat' dir='ltr'><strong>Venerat</strong></span> <span class='ocrx_word' id='word_1_74' title='bbox 551 1363 758 1419; x_wconf 81' lang='lat' dir='ltr'><strong>auxilio</strong></span> <span class='ocrx_word' id='word_1_75' title='bbox 777 1405 793 1434; x_wconf 86' lang='lat'><strong>.‚</strong></span> <span class='ocrx_word' id='word_1_76' title='bbox 826 1363 1103 1438; x_wconf 75' lang='lat' dir='ltr'><strong>Pisaeaque</strong></span> <span class='ocrx_word' id='word_1_77' title='bbox 1130 1364 1393 1438; x_wconf 81' lang='lat' dir='ltr'><strong>praepetis</strong></span> <span class='ocrx_word' id='word_1_78' title='bbox 1422 1363 1535 1418; x_wconf 82' lang='lat' dir='ltr'><strong>Idae</strong></span> 
     </span>
    </p>

    <p class='ocr_par' dir='ltr' id='par_1_13' title="bbox 273 1447 1774 1590">
     <span class='ocr_line' id='line_1_15' title="bbox 273 1447 1774 1526; baseline 0.001 -24"><span class='ocrx_word' id='word_1_79' title='bbox 273 1447 468 1503; x_wconf 86' lang='lat' dir='ltr'><strong>Turba</strong></span> <span class='ocrx_word' id='word_1_80' title='bbox 495 1448 674 1518; x_wconf 81' lang='lat' dir='ltr'><strong>subit,</strong></span> <span class='ocrx_word' id='word_1_81' title='bbox 717 1450 1069 1525; x_wconf 74' lang='lat' dir='ltr'><strong>cuneumque</strong></span> <span class='ocrx_word' id='word_1_82' title='bbox 1099 1452 1345 1526; x_wconf 77' lang='lat' dir='ltr'><strong>replent.</strong></span> <span class='ocrx_word' id='word_1_83' title='bbox 1366 1449 1487 1504; x_wconf 89' lang='lat' dir='ltr'><strong>-His</strong></span> <span class='ocrx_word' id='word_1_84' title='bbox 1500 1451 1686 1506; x_wconf 62' lang='lat' dir='ltr'><strong>frctus</strong></span> <span class='ocrx_word' id='word_1_85' title='bbox 1715 1448 1774 1504; x_wconf 74' lang='lat' dir='ltr'><strong>in</strong></span> 
     </span>
     <span class='ocr_line' id='line_1_16' title="bbox 493 1531 681 1590; baseline 0.021 -4"><span class='ocrx_word' id='word_1_86' title='bbox 493 1531 681 1590; x_wconf 87' lang='lat' dir='ltr'><strong>hostes</strong></span> 
     </span>
    </p>

    <p class='ocr_par' dir='ltr' id='par_1_14' title="bbox 268 1617 1698 1693">
     <span class='ocr_line' id='line_1_17' title="bbox 268 1617 1698 1693; baseline 0.001 -22"><span class='ocrx_word' id='word_1_87' title='bbox 268 1618 554 1673; x_wconf 74' lang='lat' dir='ltr'><strong>Lernaeam</strong></span> <span class='ocrx_word' id='word_1_88' title='bbox 577 1618 709 1692; x_wconf 82' lang='lat' dir='ltr'><strong>jacit</strong></span> <span class='ocrx_word' id='word_1_89' title='bbox 748 1618 866 1693; x_wconf 88' lang='lat' dir='ltr'><strong>ipse</strong></span> <span class='ocrx_word' id='word_1_90' title='bbox 898 1617 1133 1674; x_wconf 89' lang='lat' dir='ltr'><strong>trabem.</strong></span> <span class='ocrx_word' id='word_1_91' title='bbox 1159 1619 1329 1676; x_wconf 60' lang='lat' dir='ltr'><strong>Volat</strong></span> <span class='ocrx_word' id='word_1_92' title='bbox 1365 1619 1454 1675; x_wconf 84' lang='lat' dir='ltr'><strong>illa</strong></span> <span class='ocrx_word' id='word_1_93' title='bbox 1484 1617 1698 1692; x_wconf 84' lang='lat' dir='ltr'><strong>sagittis</strong></span> 
     </span>
    </p>

    <p class='ocr_par' dir='ltr' id='par_1_15' title="bbox 271 1700 1769 1783">
     <span class='ocr_line' id='line_1_18' title="bbox 271 1700 1769 1783; baseline 0.004 -28"><span class='ocrx_word' id='word_1_94' title='bbox 271 1700 455 1776; x_wconf 74' lang='lat' dir='ltr'><strong>IEqua</strong></span> <span class='ocrx_word' id='word_1_95' title='bbox 480 1706 608 1780; x_wconf 82' lang='lat' dir='ltr'><strong>suga</strong></span> <span class='ocrx_word' id='word_1_96' title='bbox 626 1746 640 1774; x_wconf 79' lang='lat'>‚</span> <span class='ocrx_word' id='word_1_97' title='bbox 670 1706 1049 1777; x_wconf 84' lang='lat' dir='ltr'><strong>mediumque,</strong></span> <span class='ocrx_word' id='word_1_98' title='bbox 1079 1703 1216 1758; x_wconf 87' lang='lat' dir='ltr'><strong>nihil</strong></span> <span class='ocrx_word' id='word_1_99' title='bbox 1242 1718 1518 1774; x_wconf 75' lang='lat' dir='ltr'><strong>cunctata,</strong></span> <span class='ocrx_word' id='word_1_100' title='bbox 1544 1704 1769 1783; x_wconf 73' lang='lat' dir='ltr'><strong>I’olyten</strong></span> 
     </span>
    </p>

    <p class='ocr_par' dir='ltr' id='par_1_16' title="bbox 262 1786 1721 1952">
     <span class='ocr_line' id='line_1_19' title="bbox 262 1786 1721 1867; baseline 0.003 -26"><span class='ocrx_word' id='word_1_101' title='bbox 262 1787 603 1861; x_wconf 68' lang='lat' dir='ltr'><strong>&#39;Transabit,</strong></span> <span class='ocrx_word' id='word_1_102' title='bbox 635 1803 690 1846; x_wconf 87' lang='lat' dir='ltr'><strong>ct</strong></span> <span class='ocrx_word' id='word_1_103' title='bbox 715 1788 895 1865; x_wconf 80' lang='lat' dir='ltr'><strong>juncti</strong></span> <span class='ocrx_word' id='word_1_104' title='bbox 920 1786 1178 1867; x_wconf 76' lang='lat' dir='ltr'><strong>clypeum</strong></span> <span class='ocrx_word' id='word_1_105' title='bbox 1209 1804 1366 1849; x_wconf 84' lang='lat' dir='ltr'><strong>cavat</strong></span> <span class='ocrx_word' id='word_1_106' title='bbox 1396 1790 1652 1867; x_wconf 84' lang='lat' dir='ltr'><strong>improba</strong></span> <span class='ocrx_word' id='word_1_107' title='bbox 1718 1809 1721 1814; x_wconf 83' lang='lat'><em>·</em></span> 
     </span>
     <span class='ocr_line' id='line_1_20' title="bbox 489 1875 930 1952; baseline 0.002 -22"><span class='ocrx_word' id='word_1_108' title='bbox 489 1878 696 1952; x_wconf 85' lang='lat' dir='ltr'><strong>Mopsi.</strong></span> <span class='ocrx_word' id='word_1_109' title='bbox 908 1875 930 1887; x_wconf 69' lang='lat'><strong><em>‘</em></strong></span> 
     </span>
    </p>

    <p class='ocr_par' dir='ltr' id='par_1_17' title="bbox 269 1959 1453 2114">
     <span class='ocr_line' id='line_1_21' title="bbox 269 1959 1453 2038; baseline 0.002 -23"><span class='ocrx_word' id='word_1_110' title='bbox 269 1959 488 2015; x_wconf 83' lang='lat' dir='ltr'><strong>Phocea</strong></span> <span class='ocrx_word' id='word_1_111' title='bbox 519 1974 656 2015; x_wconf 90' lang='lat' dir='ltr'><strong>tunc</strong></span> <span class='ocrx_word' id='word_1_112' title='bbox 683 1962 950 2037; x_wconf 82' lang='lat' dir='ltr'><strong>Cydona,</strong></span> <span class='ocrx_word' id='word_1_113' title='bbox 978 1963 1453 2038; x_wconf 78' lang='lat' dir='ltr'><strong>Tanagraeumque</strong></span> 
     </span>
     <span class='ocr_line' id='line_1_22' title="bbox 491 2045 848 2114; baseline 0.003 -15"><span class='ocrx_word' id='word_1_114' title='bbox 491 2045 848 2114; x_wconf 78' lang='lat' dir='ltr'><strong>Phalantum,</strong></span> 
     </span>
    </p>

    <p class='ocr_par' dir='ltr' id='par_1_18' title="bbox 270 2130 1703 2288">
     <span class='ocr_line' id='line_1_23' title="bbox 270 2130 1703 2205; baseline 0.003 -20"><span class='ocrx_word' id='word_1_115' title='bbox 270 2132 460 2204; x_wconf 81' lang='lat' dir='ltr'><strong>Atque</strong></span> <span class='ocrx_word' id='word_1_116' title='bbox 484 2132 749 2205; x_wconf 83' lang='lat' dir='ltr'><strong>Erycem,</strong></span> <span class='ocrx_word' id='word_1_117' title='bbox 776 2130 930 2198; x_wconf 82' lang='lat' dir='ltr'><strong>hunc</strong></span> <span class='ocrx_word' id='word_1_118' title='bbox 955 2144 1108 2187; x_wconf 87' lang='lat' dir='ltr'><strong>retro</strong></span> <span class='ocrx_word' id='word_1_119' title='bbox 1130 2153 1485 2203; x_wconf 82' lang='lat' dir='ltr'><strong>conversum,</strong></span> <span class='ocrx_word' id='word_1_120' title='bbox 1515 2146 1571 2190; x_wconf 88' lang='lat' dir='ltr'><strong>ct</strong></span> <span class='ocrx_word' id='word_1_121' title='bbox 1598 2133 1703 2191; x_wconf 84' lang='lat' dir='ltr'><strong>tela</strong></span> 
     </span>
     <span class='ocr_line' id='line_1_24' title="bbox 494 2225 808 2288; baseline 0.013 -22"><span class='ocrx_word' id='word_1_122' title='bbox 494 2225 773 2288; x_wconf 84' lang='lat' dir='ltr'><strong>petentem</strong></span> <span class='ocrx_word' id='word_1_123' title='bbox 792 2256 808 2285; x_wconf 81' lang='lat'><strong>,</strong></span> 
     </span>
    </p>

    <p class='ocr_par' dir='ltr' id='par_1_19' title="bbox 271 2299 1667 2379">
     <span class='ocr_line' id='line_1_25' title="bbox 271 2299 1667 2379; baseline 0.003 -25"><span class='ocrx_word' id='word_1_124' title='bbox 271 2304 424 2354; x_wconf 90' lang='lat' dir='ltr'><strong>Dum</strong></span> <span class='ocrx_word' id='word_1_125' title='bbox 451 2315 581 2373; x_wconf 91' lang='lat' dir='ltr'><strong>spes</strong></span> <span class='ocrx_word' id='word_1_126' title='bbox 606 2299 765 2354; x_wconf 88' lang='lat' dir='ltr'><strong>nulla</strong></span> <span class='ocrx_word' id='word_1_127' title='bbox 784 2301 938 2356; x_wconf 89' lang='lat' dir='ltr'><strong>necis</strong></span> <span class='ocrx_word' id='word_1_128' title='bbox 956 2343 971 2371; x_wconf 88' lang='lat'><strong>,</strong></span> <span class='ocrx_word' id='word_1_129' title='bbox 1000 2303 1204 2359; x_wconf 86' lang='lat' dir='ltr'><strong>crinito</strong></span> <span class='ocrx_word' id='word_1_130' title='bbox 1229 2325 1259 2359; x_wconf 83' lang='lat' dir='ltr'><strong>a</strong></span> <span class='ocrx_word' id='word_1_131' title='bbox 1288 2304 1499 2360; x_wconf 88' lang='lat' dir='ltr'><strong>vertice</strong></span> <span class='ocrx_word' id='word_1_132' title='bbox 1526 2305 1667 2379; x_wconf 79' lang='lat' dir='ltr'><strong>figit.</strong></span> 
     </span>
    </p>

    <p class='ocr_par' dir='ltr' id='par_1_20' title="bbox 269 2382 1663 2464">
     <span class='ocr_line' id='line_1_26' title="bbox 269 2382 1663 2464; baseline 0.001 -24"><span class='ocrx_word' id='word_1_133' title='bbox 269 2382 554 2440; x_wconf 86' lang='lat' dir='ltr'><strong>Faucibus</strong></span> <span class='ocrx_word' id='word_1_134' title='bbox 578 2383 670 2439; x_wconf 86' lang='lat' dir='ltr'><strong>ille</strong></span> <span class='ocrx_word' id='word_1_135' title='bbox 701 2387 848 2442; x_wconf 88' lang='lat' dir='ltr'><strong>cavis</strong></span> <span class='ocrx_word' id='word_1_136' title='bbox 876 2386 1092 2444; x_wconf 84' lang='lat' dir='ltr'><strong>hastam</strong></span> <span class='ocrx_word' id='word_1_137' title='bbox 1118 2394 1241 2444; x_wconf 81' lang='lat' dir='ltr'><strong>non‘</strong></span> <span class='ocrx_word' id='word_1_138' title='bbox 1258 2410 1351 2446; x_wconf 88' lang='lat' dir='ltr'><strong>ore</strong></span> <span class='ocrx_word' id='word_1_139' title='bbox 1377 2402 1663 2464; x_wconf 80' lang='lat' dir='ltr'><strong>receptam</strong></span> 
     </span>
    </p>

    <p class='ocr_par' dir='ltr' id='par_1_21' title="bbox 271 2467 1773 2548">
     <span class='ocr_line' id='line_1_27' title="bbox 271 2467 1773 2548; baseline 0.003 -25"><span class='ocrx_word' id='word_1_140' title='bbox 271 2467 509 2524; x_wconf 84' lang='lat' dir='ltr'><strong>Miratur</strong></span> <span class='ocrx_word' id='word_1_141' title='bbox 533 2468 805 2538; x_wconf 77' lang='lat' dir='ltr'><strong>moriens3</strong></span> <span class='ocrx_word' id='word_1_142' title='bbox 832 2472 1154 2548; x_wconf 84' lang='lat' dir='ltr'><strong>pariterque</strong></span> <span class='ocrx_word' id='word_1_143' title='bbox 1185 2486 1240 2529; x_wconf 91' lang='lat' dir='ltr'><strong>et</strong></span> <span class='ocrx_word' id='word_1_144' title='bbox 1265 2492 1547 2529; x_wconf 84' lang='lat' dir='ltr'><strong>murmure</strong></span> <span class='ocrx_word' id='word_1_145' title='bbox 1574 2471 1773 2548; x_wconf 90' lang='lat' dir='ltr'><strong>plenus</strong></span> 
     </span>
    </p>

    <p class='ocr_par' dir='ltr' id='par_1_22' title="bbox 269 2553 1652 2636">
     <span class='ocr_line' id='line_1_28' title="bbox 269 2553 1652 2636; baseline 0.003 -27"><span class='ocrx_word' id='word_1_146' title='bbox 269 2553 532 2630; x_wconf 86' lang='lat' dir='ltr'><strong>Sanguis,</strong></span> <span class='ocrx_word' id='word_1_147' title='bbox 563 2566 619 2609; x_wconf 86' lang='lat' dir='ltr'><strong>et</strong></span> <span class='ocrx_word' id='word_1_148' title='bbox 645 2557 857 2633; x_wconf 83' lang='lat' dir='ltr'><strong>expulsi</strong></span> <span class='ocrx_word' id='word_1_149' title='bbox 878 2557 1141 2617; x_wconf 85' lang='lat' dir='ltr'><strong>salierunt</strong></span> <span class='ocrx_word' id='word_1_150' title='bbox 1172 2559 1401 2636; x_wconf 88' lang='lat' dir='ltr'><strong>cuspide</strong></span> <span class='ocrx_word' id='word_1_151' title='bbox 1430 2560 1652 2616; x_wconf 85' lang='lat' dir='ltr'><strong>dentes.</strong></span> 
     </span>
    </p>

    <p class='ocr_par' dir='ltr' id='par_1_23' title="bbox 344 2642 1774 2718">
     <span class='ocr_line' id='line_1_29' title="bbox 344 2642 1774 2718; baseline 0.004 -24"><span class='ocrx_word' id='word_1_152' title='bbox 344 2642 530 2695; x_wconf 87' lang='lat' dir='ltr'><strong>Ausus</strong></span> <span class='ocrx_word' id='word_1_153' title='bbox 556 2652 677 2697; x_wconf 86' lang='lat' dir='ltr'><strong>erat</strong></span> <span class='ocrx_word' id='word_1_154' title='bbox 702 2644 852 2699; x_wconf 85' lang='lat' dir='ltr'><strong>surto</strong></span> <span class='ocrx_word' id='word_1_155' title='bbox 885 2642 1137 2700; x_wconf 81' lang='lat' dir='ltr'><strong>dextram</strong></span> <span class='ocrx_word' id='word_1_156' title='bbox 1169 2646 1441 2718; x_wconf 77' lang='lat' dir='ltr'><strong>injectare</strong></span> <span class='ocrx_word' id='word_1_157' title='bbox 1467 2649 1774 2716; x_wconf 78' lang='lat' dir='ltr'><strong>Leonteus,</strong></span> 
     </span>
    </p>

    <p class='ocr_par' dir='ltr' id='par_1_24' title="bbox 269 2725 1576 2867">
     <span class='ocr_line' id='line_1_30' title="bbox 269 2725 1576 2806; baseline 0 -25"><span class='ocrx_word' id='word_1_158' title='bbox 269 2725 418 2792; x_wconf 82' lang='lat' dir='ltr'><strong>Pone</strong></span> <span class='ocrx_word' id='word_1_159' title='bbox 447 2725 597 2781; x_wconf 88' lang='lat' dir='ltr'><strong>viros</strong></span> <span class='ocrx_word' id='word_1_160' title='bbox 623 2738 790 2802; x_wconf 86' lang='lat' dir='ltr'><strong>atque</strong></span> <span class='ocrx_word' id='word_1_161' title='bbox 816 2748 964 2784; x_wconf 78' lang='lat' dir='ltr'><strong>anna</strong></span> <span class='ocrx_word' id='word_1_162' title='bbox 985 2729 1190 2806; x_wconf 73' lang='lat' dir='ltr'><strong>latens;</strong></span> <span class='ocrx_word' id='word_1_163' title='bbox 1218 2727 1576 2803; x_wconf 87' lang='lat' dir='ltr'><strong>positumque</strong></span> 
     </span>
     <span class='ocr_line' id='line_1_31' title="bbox 481 2811 741 2867; baseline 0.012 -3"><span class='ocrx_word' id='word_1_164' title='bbox 481 2811 741 2867; x_wconf 82' lang='lat' dir='ltr'><strong>trahebat</strong></span> 
     </span>
    </p>

    <p class='ocr_par' dir='ltr' id='par_1_25' title="bbox 271 2893 1712 3036">
     <span class='ocr_line' id='line_1_32' title="bbox 271 2893 1712 2978; baseline 0.004 -27"><span class='ocrx_word' id='word_1_165' title='bbox 271 2898 474 2958; x_wconf 81' lang='lat' dir='ltr'><strong>Prenso</strong></span> <span class='ocrx_word' id='word_1_166' title='bbox 505 2894 657 2952; x_wconf 89' lang='lat' dir='ltr'><strong>crine</strong></span> <span class='ocrx_word' id='word_1_167' title='bbox 686 2911 873 2975; x_wconf 82' lang='lat' dir='ltr'><strong>caput.</strong></span> <span class='ocrx_word' id='word_1_168' title='bbox 899 2893 1090 2965; x_wconf 76' lang='lat' dir='ltr'><strong>Vidit,</strong></span> <span class='ocrx_word' id='word_1_169' title='bbox 1118 2914 1434 2972; x_wconf 86' lang='lat' dir='ltr'><strong>quanquam</strong></span> <span class='ocrx_word' id='word_1_170' title='bbox 1462 2896 1712 2978; x_wconf 78' lang='lat' dir='ltr'><strong>undique</strong></span> 
     </span>
     <span class='ocr_line' id='line_1_33' title="bbox 501 2980 708 3036; baseline 0.005 -1"><span class='ocrx_word' id='word_1_171' title='bbox 501 2980 708 3036; x_wconf 82' lang='lat' dir='ltr'><strong>crebrae</strong></span> 
     </span>
    </p>
   </div>
  </div>
 </body>
</html>
