2079 3613
322 271 359 328 6
695 270 1136 342 ΤΗΕΒΑῙΒοε,
1188 281 1332 329 Lm.
1387 284 1438 332 Ι.
1524 287 1595 360 βε

298 395 352 429 ,α
373 373 500 429 Huc
527 371 689 430 ades!
717 385 776 429 et
803 386 955 431 totos
978 372 1034 429 in
1065 395 1289 450 poenam
1314 376 1504 435 ordire
1527 392 1785 458 nepotes,

321 482 351 509 α
377 457 551 517 Indue
571 457 727 534 quod
746 457 1034 517 madidum
1060 460 1196 518 tabo
1220 461 1482 519 diadema
1507 468 1754 525 cruentis

319 567 347 597 α
372 544 661 620 Unguibus
685 545 935 622 arripui;
965 546 1217 623 votisque
1243 549 1507 608 instincta
1541 556 1821 628 paterni5‚

321 651 350 682 α
374 631 404 686 Ι
419 668 437 697 ‚
466 630 679 700 media,
715 631 774 686 in
801 631 1032 689 fratres:
1063 633 1284 710 generis
1311 637 1586 695 consortia
1612 641 1764 698 ferro

321 740 352 766 κ
371 715 657 777 Dissiliant
679 741 690 773 :
720 717 794 774 da
810 759 826 788 ,
855 721 1111 778 Tartarei
1127 723 1331 799 ⁸regina
1355 723 1637 798 barathri,

314 824 344 853 α
370 802 537 874 Quod
553 804 778 879 cupiam
792 805 1000 863 vidisse
1025 810 1202 866 nefas·
1224 813 1343 866 Nec
1372 812 1530 869 tarda
1555 827 1822 890 sequetur

316 912 350 938 ιι
369 888 527 945 Mens
553 890 848 963 juvenum:
867 891 1036 950 modo
1066 893 1242 979 dignam
1257 898 1416 968 veni,
1436 919 1559 957 mea
1577 903 1818 979 pignora

459 992 678 1033 nosces&
714 999 740 1029 ι»

386 1057 544 1116 Talia
567 1061 801 1134 jactanti
829 1061 1069 1121 crudelis
1096 1063 1242 1124 Diva
1266 1085 1490 1126 severos

268 1188 271 1191 .
309 1144 568 1203 Advertit
587 1146 788 1204 vultus,
814 1151 1167 1215 Idamoenum
1192 1153 1334 1213 forte
1352 1153 1583 1214 sedebat

246 1244 249 1245 ’
312 1232 568 1306 Cocyton
593 1233 776 1306 juxta,
807 1234 1163 1311 resolutaque
1183 1237 1390 1294 vertice
1415 1239 1629 1311 crines,

310 1317 579 1374 Lambere
605 1320 879 1378 sulfureas
894 1322 1234 1398 permiserat
1259 1325 1529 1400 anguibus
1554 1327 1753 1385 undaS.

309 1402 474 1458 Ilicet
500 1403 628 1480 igne
655 1405 692 1460 J
694 1407 833 1477 ovis,
869 1406 1153 1483 lapsisque
1181 1409 1405 1466 citatior
1430 1413 1592 1470 astris

307 1485 584 1544 Tristibus
611 1489 788 1546 exiliit
812 1489 969 1567 ripis.
995 1492 1258 1549 Discedit
1284 1495 1453 1550 inane

307 1570 552 1650 Vulgus,
595 1584 651 1628 et
689 1593 956 1633 occursus
990 1576 1229 1634 dominae
1265 1592 1450 1656 pavet.
1484 1580 1592 1640 Illa
1627 1604 1738 1662 per

216 1712 219 1717 ,
367 1721 370 1724 ’
457 1658 685 1714 umbras
700 1701 717 1729 ,
889 1678 895 1683 ·

236 1768 245 1773 „
301 1743 374 1799 Et
401 1741 706 1819 caligantes
725 1743 1034 1802 animarum
1063 1745 1316 1804 examine
1342 1766 1606 1829 campos,-

302 1828 557 1887 Tenariae
576 1828 751 1887 limen
773 1833 921 1908 petit
939 1832 1289 1890 irremeabile
1315 1850 1521 1912 portae.
1613 1903 1619 1906 v

299 1916 482 1988 Sensit
507 1914 703 1984 adesse
728 1918 865 1976 dies.
893 1920 1058 1976 Piceo
1084 1941 1200 1977 nox
1226 1921 1391 1980 obvia
1412 1923 1607 1980 nimbo

204 2063 219 2075 ⁹
300 2006 579 2061 Luc-,entes
603 2004 853 2074 turbayit
877 2025 1072 2079 equos.
1101 2007 1298 2066 Procul
1323 2009 1534 2067 arduus
1558 2010 1722 2069 Atlas

300 2087 535 2144 Horruit
550 2129 568 2158 ‚
592 2100 648 2143 et
673 2087 847 2145 dubia
871 2087 1074 2148 coelum
1096 2090 1313 2149 cervice
1338 2094 1572 2151 remisit.

299 2172 520 2249 Arripit
540 2171 825 2248 extemplo
857 2172 1051 2230 Maleae
1077 2177 1150 2233 de
1175 2175 1321 2235 valle
1347 2198 1642 2257 resurgens

298 2258 509 2314 Notum
526 2256 633 2314 iter
648 2256 722 2313 ad
741 2257 1001 2331 Thebas3
1021 2281 1204 2338 neque
1226 2263 1374 2329 enim
1394 2266 1646 2324 velocior
1666 2266 1807 2326 ullas

299 2341 467 2415 Itque
488 2341 750 2419 reditque
771 2344 923 2415 vias,
944 2360 1296 2423 cognataque
1314 2350 1551 2409 Tartara
1570 2352 1801 2413 mavult.

300 2426 543 2482 Centum
570 2428 652 2484 illi
677 2429 891 2488 stantes
916 2432 1255 2491 umbrabant
1284 2455 1384 2492 ora
1408 2451 1665 2509 cerasten,

300 2512 490 2576 Turba
516 2514 702 2572 minor
727 2518 840 2577 diri
860 2518 1078 2595 capitis.
1108 2518 1280 2577 Sedet
1307 2520 1459 2582 intus
1486 2522 1695 2582 abactis

296 2600 498 2655 Ferrea
522 2600 618 2657 lux
643 2600 834 2660 oculis,
862 2603 1054 2679 Qualis
1074 2626 1181 2683 per
1202 2608 1393 2669 nubila
1418 2609 1651 2667 Phoebes

299 2686 532 2742 Atracia
555 2686 722 2745 rubet
746 2703 864 2746 arte
886 2690 1069 2749 labor.
1098 2692 1315 2750 Suffusa
1344 2713 1563 2751 veneno

297 2772 604 2847 Tenditur,
637 2797 703 2834 ac
729 2777 883 2834 sanie
909 2778 1087 2854 gliscit
1111 2778 1283 2836 cutis:
1312 2778 1505 2856 igneus
1529 2792 1653 2836 atro

298 2858 414 2917 Ore
435 2881 615 2941 vapor
629 2908 643 2935 ‚
671 2886 783 2941 quo
808 2864 974 2943 longa
994 2865 1112 2923 sitis
1130 2909 1144 2936 ‚
1166 2866 1461 2943 morbique
1488 2868 1796 2946 famesque,

294 2947 367 3027 Et
385 2949 612 3026 populis
632 2972 783 3010 mors
810 2974 924 3009 una
947 2952 1123 3010 venit.
1145 2952 1305 3028 Riget
1322 2952 1547 3009 horrida
1575 2966 1735 3033 tergo

295 3032 471 3111 Palla,
502 3050 557 3096 et
586 3038 814 3097 coerulei
836 3037 1078 3097 redeunt
1105 3039 1163 3096 in
1188 3051 1424 3117 pectore
1450 3040 1603 3101 nodi.
