2079 3613
310 279 437 350 διὰ
594 297 1037 366 ΤΗΕΒΑῙΒΟΒ,
1090 303 1234 352 ΜΒ.
1285 301 1361 354 x.
1411 343 1413 346 .
1459 291 1570 376 785

303 395 659 454 Tantalidum
676 412 944 458 venerata
970 398 1172 456 cohors
1200 417 1215 455 :
1245 398 1394 454 subit
1416 400 1643 475 agmine

523 481 693 559 longo

305 563 464 621 Colla
482 567 633 624 inter
656 571 919 643 juvenum
941 585 957 638 3
985 566 1236 643 laetisque
1262 568 1547 626 favoribus
1571 568 1725 626 omni

303 650 639 707 Concinitur
662 652 829 728 vulgo
847 694 863 723 .,
891 651 1167 709 Cadmum
1191 667 1359 730 atque
1383 653 1707 731 Amphiona

522 756 693 813 supra
1260 764 1265 768 ·

302 818 597 876 Conditor.
625 821 700 875 Hi
724 822 909 893 sertis,
939 819 1000 877 hi
1025 821 1414 880 veris-honore
1439 822 1624 879 soluto

298 903 669 959 Accumulant
695 919 848 962 artus
865 948 882 976 ‚
911 907 1207 984 patriaque
1231 908 1291 962 in
1314 906 1445 963 sede
1471 918 1753 981 reponunt
1782 941 1793 949 -=

300 990 521 1065 Corpus
544 989 839 1049 adoratum
865 1014 878 1047 :
906 1003 1173 1068 repetunt
1202 1012 1335 1048 mox
1358 991 1524 1059 bella,
1553 989 1799 1068 peractis

298 1074 608 1134 Laudibus.
637 1079 748 1136 Hic
770 1079 920 1136 victa
944 1078 1166 1155 genitor
1190 1075 1568 1155 lacrymabilis
1591 1077 1673 1133 ira

300 1159 624 1239 congemit,
660 1176 717 1219 et
742 1164 966 1220 tandem
986 1164 1153 1219 matri
1179 1160 1310 1219 data
1332 1164 1466 1219 flere
1491 1174 1752 1239 potestas·

376 1270 407 1299 α
425 1248 816 1305 Lustralemne
840 1249 971 1305 feris
999 1267 1104 1323 ego
1132 1260 1218 1317 te,
1248 1268 1390 1322 puer
1415 1247 1660 1323 inclyte,

520 1331 762 1399 Thebis,
945 1331 949 1335 ’

302 1436 332 1466 «
352 1409 742 1488 Devotumque
769 1425 941 1488 caput
956 1455 971 1483 ‚
1000 1413 1125 1469 vilis
1146 1433 1254 1469 ceu
1276 1424 1485 1478 mater,
1507 1411 1722 1468 alebam
1739 1414 1769 1472 ’ἕ

299 1520 328 1549 α
352 1496 516 1568 Quod
537 1498 727 1553 molita
753 1497 947 1555 nefas?
968 1498 1061 1554 cui
1077 1511 1296 1554 tantum
1315 1498 1494 1554 invisa
1516 1499 1798 1555 Deorum?

298 1604 330 1634 t<
350 1583 475 1637 Non
496 1604 601 1657 ego
621 1584 971 1640 monstrifero
996 1585 1151 1640 coitu
1178 1583 1429 1640 revoluta
1455 1582 1653 1640 notavi

295 1687 327 1716 α
345 1664 584 1739 Pignora
600 1708 615 1732 ‚
643 1685 748 1721 nec
769 1678 900 1722 nato
922 1666 1122 1744 peperi
1143 1667 1365 1748 funesta
1389 1685 1462 1720 ne
1467 1677 1660 1741 potest*

296 1772 329 1805 α
349 1750 498 1823 Quid
523 1748 738 1809 refert?
763 1750 936 1810 habet
961 1771 1095 1810 ecce
1123 1770 1252 1810 suos
1279 1751 1315 1808 J
1319 1764 1538 1821 ocasta‚

451 1832 458 1845 ⁵
508 1836 791 1913 ducesque
808 1880 823 1904 ‚

297 1944 329 1970 «
346 1921 773 1999 Regnantesque
798 1923 971 1980 videt.
1009 1924 1127 1978 Nos
1149 1943 1291 1980 saeva
1317 1921 1536 2001 piacula
1557 1919 1707 1979 bello

294 2005 583 2081 a‘DemuS,
611 2020 670 2061 ut
697 2009 901 2064 alterni
923 2007 1144 2084 (placet
1167 2007 1278 2063 hoc
1304 2007 1407 2063 tibi
1426 2005 1672 2064 fulminis

524 2091 747 2146 auctor!
769 2091 790 2170 )

297 2197 325 2226 c<
346 2173 752 2250 OEdipodionii
779 2188 997 2231 mutent
1017 2174 1339 2232 diademata
1365 2179 1586 2237 fratres.

297 2283 326 2310 α
346 2257 498 2330 Quid
522 2278 754 2333 superos
771 2300 788 2326 ‚
818 2252 1143 2316 hominesve
1165 2258 1418 2336 queror?
1439 2270 1532 2331 tu,
1562 2280 1706 2319 saeve

500 2345 799 2400 Menoeceu
818 2388 833 2415 ‚

287 2436 320 2480 'ct
340 2431 429 2483 Tu
455 2428 712 2484 miseram
737 2443 866 2487 ante
892 2450 1084 2487 omnes
1107 2432 1426 2509 properasti
1460 2432 1791 2508 extinguere

513 2527 771 2568 matrem.
897 2522 914 2529 ⁴

291 2623 324 2650 α
341 2598 511 2675 Unde
532 2598 623 2654 hic
643 2601 837 2655 mortis
863 2599 1061 2659 amor?
1088 2622 1209 2678 quae
1241 2621 1397 2659 sacra
1418 2599 1627 2657 insania

504 2684 723 2742 menti?

289 2792 316 2822 (ι
337 2771 562 2841 Quosve
584 2791 687 2844 ego
713 2785 1023 2846 conceptus
1042 2813 1058 2842 ,
1092 2783 1187 2827 aut
1217 2791 1340 2848 quae
1362 2769 1504 2826 mala
1522 2770 1762 2849 pignora

510 2854 635 2908 fudi
893 2856 896 2861 '

288 2960 318 2988 κ
341 2937 485 2991 Tam
511 2932 728 2995 diversa
753 2939 891 2994 mihi
910 2936 938 2994 ’.Ρ
961 2938 1221 2996 nimirum
1248 2940 1486 2996 Martius
1511 2940 1706 3016 anguis
1726 2982 1745 3014 ‚

290 3045 320 3077 α
341 3026 587 3097 Quaeque
613 3023 773 3083 novis
791 3023 1068 3099 proavum
1093 3023 1254 3082 tellus
1285 3025 1519 3094 effloruit
1543 3026 1736 3085 armis-
1775 3038 1791 3105 ,¹
