2079 3613
223 196 227 203 t
271 239 348 278 12
591 226 1028 294 THEBAIDOS,
1081 230 1226 277 ΜΒ.
1279 230 1332 278 Ι.
1431 224 1538 289 255

261 346 291 375 ιι
317 321 676 399 Exstinguas3
711 325 888 402 septis
913 338 966 380 et
992 320 1230 380 turribus
1256 322 1457 382 aureus
1481 327 1688 385 intres:

265 432 296 457 κ
314 410 576 466 Mentitis
600 412 833 488 ignosco
860 409 1009 466 toris·
1041 407 1202 465 Illam
1229 409 1449 470 odimus
1475 413 1668 471 urbem
1690 456 1707 486 ‚

261 515 293 542 «t
315 497 502 564 Quam
521 496 681 554 vultu
706 497 988 552 confessus
1006 492 1134 557 adis
1159 512 1172 548 ε
1203 494 1301 564 uhi
1330 497 1555 555 conscia
1579 501 1770 574 magni

261 598 293 629 «
315 576 483 652 Signa
501 584 612 638 tori
628 581 861 638 tonitrus
877 578 1010 654 agis,
1026 592 1084 635 et
1102 599 1228 636 mea
1246 583 1484 640 fulmina
1502 599 1733 659 torques
1752 603 1767 638 ε

264 684 294 714 α
318 663 500 722 Facta
525 668 680 725 luant
697 662 924 721 Thebae.
955 665 1073 720 Cur
1095 664 1287 733 hostes
1314 668 1471 744 eligis
1490 666 1721 744 Argos?

264 773 296 799 «ι
319 752 471 824 Quin
491 769 589 825 age
608 768 624 819 ;
650 748 696 805 si
716 761 869 804 tanta
894 760 976 807 est
998 747 1229 806 thalami
1251 752 1532 809 discordia
1553 753 1731 811 sancti
1745 795 1764 825 ,

262 857 294 889 x<
316 838 389 892 Et
405 838 639 904 Samon,
669 847 726 890 et
745 849 962 893 veteres
988 837 1157 894 armis
1175 837 1442 896 exscinde
1464 841 1767 915 Mycenas.¹

261 941 292 971 α
315 920 488 979 Verte
514 919 631 975 solo
652 921 891 994 Sparten
911 939 925 992 3
953 941 1055 978 cur
1077 930 1312 997 usquam
1331 923 1602 998 sanguine
1620 925 1767 982 festo

196 1072 199 1073 ⁷
259 1026 296 1053 c«
316 1003 580 1078 Conjugis
605 1023 702 1079 ara
728 1014 834 1066 t'uae
849 1026 867 1073 3
899 1005 1123 1062 cumulo
1151 1027 1251 1062 cur
1274 1005 1454 1063 thuris
1479 1009 1584 1074 Eo'i

246 1109 289 1140 ,κ
310 1089 466 1144 Laeta
490 1086 676 1145 calet?
702 1090 899 1148 melius
920 1092 1063 1149 votis
1082 1092 1389 1149 Mareotica
1407 1092 1583 1150 fumat

255 1197 293 1226 α
311 1174 525 1249 Coptos
539 1214 555 1244 ‚
580 1187 636 1230 et
649 1177 870 1232 acrisoni
886 1176 1138 1254 lugentia
1162 1179 1386 1234 flumina
1408 1175 1564 1234 Nili?

259 1283 291 1310 α
312 1259 480 1331 Quod
497 1259 543 1316 si
560 1260 748 1336 prisca
768 1263 934 1319 luunt
959 1274 1254 1318 auctorum
1278 1263 1509 1320 crimina
1534 1278 1729 1340 gentes
1742 1286 1766 1340 ,·

254 1367 291 1395 «ι
310 1343 690 1422 subvenitque
711 1347 822 1402 tuis
842 1367 966 1405 sera
984 1346 1105 1405 haec
1132 1348 1408 1405 sententia
1434 1351 1577 1404 curis
1609 1418 1614 1421 ,

247 1441 290 1479 ’κ
308 1431 642 1498 Percensere
667 1433 768 1489 aevi
789 1436 1038 1500 senium,
1067 1452 1177 1508 quo
1206 1444 1457 1509 tempore
1479 1435 1705 1492 tandem

252 1536 284 1566 ε(
309 1519 612 1573 Terrarum
635 1519 806 1579 furias
833 1516 1089 1587 abolere,
1118 1530 1173 1574 et
1200 1521 1383 1575 secula
1403 1535 1557 1576 retro

246 1624 283 1652 «ι
303 1601 614 1659 Emendare
635 1616 721 1659 sat
741 1601 866 1660 est}>
887 1602 1215 1678 jamdudum
1236 1625 1267 1659 a
1288 1604 1516 1673 sedibus
1538 1605 1645 1663 illis

247 1711 278 1743 ι(
299 1690 528 1766 Incipe,
560 1691 850 1767 fluctivaga
877 1711 985 1767 qua
1014 1690 1429 1767 praeterlabitur
1456 1691 1607 1747 unda
1631 1760 1634 1763 Α
1671 1761 1680 1765 ι
1761 1748 1766 1757 ⁴

243 1797 275 1827 α
299 1774 554 1843 Sicanios
571 1775 739 1854 longe
757 1774 1005 1851 relegens
1026 1777 1269 1853 Alpheos
1285 1795 1531 1845 ⁴amores.

243 1878 278 1911 κ
299 1858 567 1915 Arcades·
594 1861 690 1918 hic
730 1874 826 1918 tua
858 1866 1020 1930 (nec
1055 1861 1241 1938 pudor
1267 1866 1392 1936 est!
1425 1870 1445 1930 )
1485 1859 1718 1919 delubra
1751 1909 1770 1928 ,,

389 1946 618 2001 nefastis
970 2010 975 2014 ,

242 2050 275 2082 κ
298 2013 628 2105 Imposuere
656 2031 797 2087 locis
820 2051 833 2085 ε
871 2031 988 2089 illic
1013 2032 1326 2091 Mavortius
1352 2032 1471 2091 axis
1510 2062 1519 2070 ,

243 2135 276 2166 «
299 2113 597 2186 OEnoma'1'‚
614 2116 926 2192 Geticoque
942 2137 1121 2194 pecus
1139 2118 1421 2175 stabulare
1442 2118 1545 2176 sub
1558 2122 1750 2177 Haemo

240 2221 272 2252 α
297 2200 531 2275 Dignius
556 2221 570 2272 ;
605 2202 861 2280 abruptis
885 2217 942 2260 et
962 2223 1111 2259 nunc
1132 2202 1420 2261 inhumata
1444 2226 1750 2281 procorum

238 2286 586 2361 «Relliquiis
627 2300 832 2345 trunca
868 2308 967 2348 ora
1002 2288 1213 2364 rigent3
1251 2300 1440 2348 tamen
1472 2291 1568 2348 hic
1603 2290 1712 2366 ,tibi

392 2364 592 2449 templi
851 2441 861 2448 ι
922 2424 934 2433 .

243 2478 274 2509 κ
297 2455 506 2513 Gratus
535 2451 752 2516 honos:
776 2460 965 2538 placet
984 2460 1085 2517 Ida
1114 2479 1358 2533 nocenS,
1393 2461 1768 2539 mentitaque-

298 2571 301 2572 ⁷
386 2562 578 2601 manes

236 2649 268 2681 α
291 2628 462 2686 Creta
483 2642 630 2687 tuos.
659 2634 750 2687 Me
778 2632 1065 2690 Tantaleis
1086 2634 1388 2710 consistere
1411 2634 1578 2691 tectis

239 2733 270 2765 «c
293 2718 427 2786 Quae
476 2715 711 2772 tandem
750 2718 963 2776 invidia
1010 2721 1141 2777 est?
1179 2719 1319 2775 belli
1361 2719 1597 2774 deflecte

212 2797 215 2800 “
388 2799 687 2870 tumultus,
708 2793 711 2796 Δ

230 2906 263 2936 κ
283 2884 354 2938 Et
380 2886 602 2960 generis
627 2885 887 2943 miserere
915 2887 1011 2943 tui.
1036 2890 1178 2944 Sunt
1202 2887 1377 2962 impia
1396 2887 1512 2943 late

229 2990 261 3021 κ
284 2968 480 3044 Regna
501 2969 628 3044 tibi,
655 2970 854 3030 melius
878 2991 1115 3046 generos
1141 2991 1372 3046 passura
1390 2984 1675 3030 nocentes,
1694 2994 1725 3023 »ο
