2079 3613
112 2665 163 2676 “*s

254 279 295 290 κο

500 300 571 372 95
663 297 1108 361 SYLVARUM5
1160 299 1304 347 Lm.
1357 300 1469 348 111.
1613 287 1737 351 523

245 411 272 441 α
298 390 422 447 Hoc
448 412 668 467 quoque
698 391 925 462 demus,
953 392 1029 447 ait
1048 413 1067 460 3
1091 393 1286 468 patriis
1313 412 1418 449 nec
1448 393 1655 467 gratius

463 474 637 531 ullum

249 558 498 614 «Munus
522 560 629 614 erit
657 558 906 635 templis,
944 559 1180 637 ipsoque
1206 559 1487 634 potentior
1513 578 1669 614 auro.

243 662 272 692 «
298 645 385 697 Tu
413 643 582 699 modo
615 643 721 717 fige
749 643 926 700 aciem
945 684 964 713 ,
991 656 1050 701 et
1073 642 1256 701 vultus
1280 643 1384 700 hos
1408 660 1582 717 usque

457 728 731 802 relinque.
764 750 792 779 »
1579 774 1582 775 γ

241 810 334 866 Sic
361 812 435 867 ait
456 852 471 880 ,
509 825 566 868 et
587 811 876 887 speculum
906 812 1133 869 reclusit
1158 812 1398 888 imagine
1424 823 1608 887 rapta.

314 898 393 952 At
418 916 560 972 puer
587 897 835 971 egregius
866 899 1103 952 tendens
1128 896 1199 952 ad
1226 896 1405 952 sidera
1435 894 1645 972 palmas
1668 912 1682 949 ε

245 1001 274 1031 κ
295 978 397 1036 His
421 980 561 1035 mibi
585 999 689 1054 pro
716 979 906 1046 doniS‚
932 979 1222 1037 hominum
1250 980 1534 1036 mitissime

465 1073 683 1132 custoS,

247 1170 274 1198 «
295 1144 350 1199 Si
376 1144 590 1213 merui,
618 1144 778 1219 longa
807 1145 1095 1201 dominum
1122 1165 1392 1203 renovare
1412 1147 1637 1221 juventa
1654 1186 1671 1216 ‚

247 1252 276 1280 α
299 1232 475 1305 Atque
500 1229 626 1285 orbi
653 1249 876 1286 servare
903 1230 1072 1287 velis!
1101 1230 1209 1286 hoc
1239 1230 1423 1286 sidera
1462 1249 1711 1300 mecum,

246 1336 275 1367 α
296 1316 420 1370 Hoc
456 1314 617 1371 undae
636 1356 653 1386 ,
678 1327 946 1391 terraeque
970 1329 1194 1394 rogant.
1226 1316 1330 1371 Eat
1347 1354 1366 1386 ,
1397 1334 1498 1371 oro
1514 1355 1530 1385 ‚
1552 1334 1658 1390 per

457 1419 631 1456 annos

240 1481 527 1553 «Iliacos,
556 1484 846 1562 Pyliosque
875 1484 1033 1543 simul
1050 1505 1066 1555 ;
1095 1468 1466 1562 ffiopriosque
1491 1497 1727 1561 penates

242 1590 274 1620 α
293 1566 555 1623 Gaudeat
574 1612 591 1636 ,
619 1582 674 1624 et
701 1589 893 1624 secum
916 1570 1158 1644 Tarpeia
1186 1587 1480 1624 senescere

459 1643 694 1727 tepzpla.
721 1675 750 1704 »

317 1733 409 1790 Sic
435 1735 511 1791 ait
533 1753 547 1805 ;
580 1749 637 1791 et
662 1748 839 1793 motas
864 1736 1099 1793 miratur
1122 1740 1415 1814 Pergamos
1438 1756 1579 1793 aras.

241 1875 483 1903 ’,ν’-
490 1874 561 1902 Q
568 1876 1554 1907 ”QQQ-§aesaemoeae
1560 1880 1638 1909 Q
1647 1876 1758 1905 ἢ·

966 1976 1041 2034 v.

641 2088 763 2143 AD
827 2087 1353 2145 CLAUDIAM

760 2159 763 2164 1
832 2214 1161 2253 UXORBM.

240 2306 323 2413 Q
341 2351 372 2388 u
388 2351 407 2388 1
423 2350 459 2387 n
494 2329 633 2387 mihi
658 2344 849 2388 moesta
874 2331 966 2389 die
982 2373 999 2403 ‚
1029 2331 1193 2390 sociis
1211 2330 1354 2409 quid
1378 2331 1636 2391 noctibus
1657 2375 1675 2405 ,

465 2435 609 2470 UXOI'

242 2498 428 2564 Anxia
448 2540 463 2565 ‚
489 2498 752 2575 pervigili
777 2498 935 2555 ducis
961 2499 1199 2573 suspiria
1227 2517 1359 2555 cura
1378 2496 1406 2554 ⁶?
1741 2571 1755 2583 .

243 2586 375 2642 Non
401 2595 592 2638 metuo
625 2602 696 2637 ne
723 2582 849 2638 laesa
877 2582 1018 2639 fides
1036 2624 1054 2652 .‚
1085 2596 1180 2639 aut
1202 2595 1433 2659 pectore
1455 2581 1517 2637 in
1537 2582 1648 2640 isto

244 2666 409 2726 Alter
436 2684 591 2720 amor
618 2682 634 2719 t
662 2664 824 2721 nullis
850 2665 908 2720 in
932 2678 987 2721 te
1013 2664 1183 2720 datur
1205 2664 1284 2719 ire
1313 2665 1561 2741 sagittis:

241 2755 455 2813 Audiat
482 2753 690 2809 infesto
722 2751 854 2807 licet
882 2751 1000 2809 haec
1026 2750 1376 2808 Rhamnusia
1397 2754 1553 2810 vultu
1572 2796 1589 2825 ‚

243 2839 376 2898 Non
400 2837 603 2908 datur3
635 2850 722 2908 et,
753 2836 800 2890 si
825 2849 1049 2913 egomet
1072 2835 1258 2912 patrio
1280 2837 1353 2891 de
1382 2836 1571 2892 littore

463 2934 656 2996 raptus
750 2945 751 2948 ¹

242 3009 497 3080 Quatuor
523 3005 768 3066 emeritis
792 3023 899 3083 per
921 3003 1067 3062 bella
1084 3046 1101 3076 ‚
1134 3024 1242 3083 per
1267 3024 1514 3083 aequora,
1538 3005 1724 3067 lustris
