2079 3613
474 265 584 321 813
722 262 1163 324 THEBAIDOS,
1216 264 1355 313 me.
1411 264 1519 317 vl.
1720 252 1840 335 ¹75

406 364 459 420 N
466 383 530 420 ec
563 381 754 432 mora,
788 359 1112 437 prorumpit
1144 358 1402 437 Tydeus,
1436 380 1540 418 nec
1569 363 1722 437 jussa

553 461 779 505 recusat

332 533 755 611 Hippomedon.
776 533 1058 605 Tuncvix
1087 531 1250 588 ambo
1279 531 1574 589 conatibus
1599 532 1789 587 ambas

331 620 685 695 Restringunt
710 618 1097 695 cohibentque
1126 639 1354 688 manuS,
1381 638 1447 674 ac
1474 614 1716 695 plurima

548 703 811 761 suadent.

334 815 362 844 α
383 790 580 848 Vincis
596 833 613 862 ‚
630 791 741 848 abi.
765 790 1169 849 Pulchrum’est
1188 790 1359 848 vitam
1380 790 1524 846 dona
1534 810 1594 846 re
1616 786 1840 844 minori.

332 900 360 929 κ
382 877 588 932 Noster
621 889 678 931 et
705 876 834 949 hic,
860 877 1111 955 bellique
1148 897 1352 934 comes.
1387 900 1419 929 a
1450 875 1547 934 Nil
1570 871 1845 951 frangitur

547 962 717 1017 heros

275 1074 283 1093 ι
329 1048 685 1119 Ramumque
710 1003 1074 1120 o’blatumque
1101 1066 1272 1102 manu
1298 1045 1532 1102 thoraca
1558 1041 1779 1121 iepellit

329 1130 698 1186 vociferans.
734 1154 762 1183 «
785 1129 1011 1187 Liceat!
1044 1151 1159 1187 non
1184 1131 1287 1187 has
1313 1151 1417 1207 ego
1442 1132 1680 1208 pulvere

558 1235 745 1276 crasso
765 1258 783 1287 ,

333 1328 360 1357 α
383 1304 575 1380 Atque
604 1321 805 1359 cruore
831 1322 1003 1381 genas
1020 1344 1037 1374 ,
1068 1302 1273 1365 meruit
1300 1301 1504 1380 quibus
1531 1302 1636 1360 iste

555 1391 804 1447 savorem

329 1503 357 1533 «
378 1477 627 1546 Semivir,
644 1476 912 1535 infodiam
925 1476 1296 1552 ‘2³mittamque
1317 1477 1552 1534 informe
1577 1477 1839 1552 sepulcro

331 1589 358 1617 «
381 1565 598 1640 Corpus
616 1605 631 1631 ,
660 1575 718 1620 et
742 1561 985 1620 OEbalio
1013 1563 1221 1620 donem
1246 1564 1436 1638 lugere
1463 1560 1776 1638 magistro?
1799 1586 1833 1614 ιι

401 1647 574 1705 Dixit.
603 1650 681 1704 At
712 1647 867 1704 hunc
893 1648 1028 1706 socii
1055 1649 1330 1707 tumidum
1362 1660 1420 1706 et
1450 1647 1649 1705 vicisse

549 1747 851 1809 negantem

330 1821 624 1876 Avertunt.
649 1819 865 1878 Contra
890 1819 1173 1878 laudant
1157 1818 1388 1917 insignis
1412 1784 1695 1877 alumnum

327 1905 600 1985 Taygeti,
632 1905 906 1983 longeque
932 1908 1114 1962 minas
1140 1904 1311 1962 risere
1335 1909 1611 1966 Lacones,

400 1994 436 2048 J
440 1989 746 2049 amdudum
769 1992 935 2049 variae
959 1989 1153 2049 laudes
1179 2004 1237 2048 et
1263 1989 1487 2049 conscia
1511 1990 1685 2048 virtus

329 2075 521 2156 Tydea
544 2077 959 2154 magnanimum
986 2077 1224 2134 stimulis
1249 2076 1568 2154 ingentibus
1594 2087 1828 2153 angunt.

327 2162 429 2220 Ille
452 2164 676 2241 quidem
699 2176 757 2220 et
775 2163 933 2220 disco
951 2162 1162 2234 honus,
1186 2176 1244 2220 et
1264 2161 1609 2221 contendere
1632 2182 1832 2230 cursu,

327 2250 451 2308 Nec
478 2247 881 2307 caestu.bellare
907 2250 1126 2318 minor;
1149 2249 1251 2307 sed
1279 2251 1450 2308 corde
1477 2247 1700 2308 labores

325 2337 476 2391 Ante
497 2334 636 2390 alios
662 2339 780 2389 erat
803 2349 982 2391 uncta
997 2334 1170 2392 Pales.
1193 2337 1280 2390 Sic
1305 2329 1418 2392 otia
1438 2334 1633 2394 Martis

327 2426 572 2492 Degere,
603 2430 660 2473 et
688 2418 976 2475 armiferas
999 2420 1189 2475 laxare
1215 2432 1538 2477 assueverat
1557 2420 1696 2490 iras,

326 2503 596 2573 Ingentes
623 2510 816 2553 contra
840 2501 932 2556 ille
959 2503 1134 2573 viros,
1161 2502 1427 2560 Achelo'ia
1450 2504 1666 2566 circum

323 2585 572 2654 Littora,
602 2581 911 2658 felicesque
936 2591 1060 2642 Deo
1084 2600 1436 2643 monstrante
1463 2586 1765 2661 palaestras.

395 2673 545 2750 Ergo
563 2667 663 2726 ubi
687 2667 942 2726 luctandi
964 2674 1199 2742 juvenes
1224 2672 1474 2729 animosa
1504 2669 1698 2729 citavit

323 2757 547 2829 Gloria,
574 2755 855 2831 terrificos
880 2754 1134 2815 humeris
1158 2755 1378 2814 AEtolus
1406 2754 1638 2813 amictus

321 2844 591 2912 Exuitur,
616 2842 978 2919 patriumque
1000 2863 1174 2901 suem.
1199 2845 1383 2901 Levat
1405 2840 1580 2900 ardua
1596 2857 1793 2903 contra

323 2927 597 2998 Membra,
621 2925 882 2986 Cleoneae
907 2927 1099 3007 stirpis
1121 2930 1368 3005 jactator
1389 2927 1691 3006 AgylleuS,
1740 3002 1746 3008 ι

326 3015 605 3072 Herculea
630 3034 739 3075 nec
761 3016 909 3076 mole
940 3015 1155 3075 minor:
1186 3017 1263 3075 sic
1291 3013 1593 3092 grandibus
1618 3014 1728 3075 alte
