2079 3613
1119 216 1148 246 2,

455 302 563 375 639
682 297 1136 360 -wnssssAlDOS,
1189 298 1331 346 Lm.
1385 291 1530 352 11'1„
1741 294 1816 353 ει

323 421 358 448 α
377 396 528 466 Scis,
558 395 798 469 genitor.
831 395 938 451 Sed
967 396 1093 468 jura
1121 393 1302 450 Deum
1333 394 1595 470 genitalia
1622 408 1826 463 testor,

325 507 354 536 α
376 484 571 558 Teque
591 496 775 556 pater,
795 501 911 536 non
929 479 1017 535 ille
1041 480 1228 555 jubet;
1252 480 1354 537 sed
1374 482 1616 556 pervigil
1633 503 1828 558 angor,

327 590 357 620 α
377 569 460 624 Ex
483 588 597 642 quo
639 565 852 643 primus
888 567 1148 641 Hymen,
1193 563 1479 641 movitque
1517 565 1757 628 infausta

472 653 758 709 sinistram

320 761 350 793 t<
371 740 527 797 Juno
565 741 746 796 facem
768 779 786 810 ‚
834 759 1057 817 semper
1099 738 1369 815 lacrymis
1408 737 1736 816 gemituque

470 828 763 901 profundo
1191 817 1202 824 ’

321 937 354 966 α
375 914 685 969 Exturbata
710 912 888 989 quies.
930 913 1082 983 Non,
1112 912 1158 968 si
1186 911 1322 972 mihi
1352 912 1570 990 tigridis
1592 911 1823 984 horror,

320 1021 349 1051 α
374 998 784 1074 AEquoreaeque
805 1018 976 1072 super
996 998 1216 1073 rigeant
1236 997 1544 1074 praecordia
1567 1010 1798 1071 cautes„

246 1099 251 1106 ·
310 1108 353 1133 -«
374 1084 554 1137 Ferre
581 1101 808 1156 queam.
843 1085 935 1136 Tu
966 1082 1320 1156 solusopem
1339 1121 1372 1150 ‚⁴
1397 1094 1464 1160 tu
1496 1103 1708 1149 summg

469 1166 737 1221 medendi

321 1276 352 1305 κ
374 1252 412 1307 J
416 1273 517 1307 ura
534 1265 706 1309 tenes.
732 1253 818 1308 Da
846 1249 992 1307 bella
1010 1293 1025 1321 ‚
1053 1262 1244 1327 pater3
1268 1253 1573 1328 generique
1591 1254 1829 1328 jacentis

319 1361 350 1390 α
372 1338 583 1414 Aspice
611 1358 700 1393 res
720 1336 986 1408 humileS,
1010 1349 1181 1414 atque
1207 1336 1354 1394 hanc
1370 1378 1386 1408 ‚
1412 1351 1607 1414 pater,
1637 1340 1824 1416 aspice

466 1422 685 1498 prolem

319 1529 347 1559 α
372 1506 611 1563 Exsulis.
639 1508 787 1565 Huic
813 1507 945 1565 olim
966 1507 1188 1585 generis
1211 1511 1428 1585 pudor,
1447 1509 1614 1566 obvia
1637 1508 1826 1584 prima

319 1614 348 1644 α
371 1593 627 1668 Hospitia
645 1636 660 1663 ‚
692 1607 749 1649 et
770 1596 974 1670 junctae
1002 1607 1207 1650 testato
1224 1596 1457 1649 numine
1480 1592 1706 1649 dextrae.

319 1700 349 1730 tt
368 1678 475 1735 Hic
500 1692 657 1735 certe
685 1693 801 1752 est,
831 1701 1001 1757 quem
1026 1682 1166 1737 Fata
1201 1680 1443 1752 dabant,
1477 1700 1647 1756 quem
1678 1680 1821 1739 dixit

460 1764 689 1839 Apollo·

312 1873 344 1904 α
365 1853 493 1903 Non
516 1865 735 1924 egomet
754 1851 949 1906 tacitos
965 1854 1196 1908 Veneris
1220 1853 1402 1907 furata
1425 1851 1669 1919 caloreS,

317 1960 347 1990 α
369 1937 741 2012 Culpatamve
764 1938 945 1992 facem
968 1957 979 1989 :
1004 1949 1097 1992 tua
1117 1938 1264 2009 jussa
1285 1936 1553 2005 verenda,
1579 1950 1817 2014 tuosque

313 2046 343 2076 α
366 2020 551 2079 Dilexi
572 2023 835 2077 monitus,
859 2025 909 2076 N
914 2041 1019 2078 unc
1034 2041 1153 2097 ,qua
1172 2020 1393 2076 feritate
1414 2018 1656 2076 dolentis

315 2134 347 2160 κ
365 2109 686 2185 Despiciam
701 2109 1165 2185 questus?‘nescis‚
1182 2120 1347 2186 pater
1360 2105 1592 2183 optime,
1607 2107 1810 2181 nescis,

314 2217 344 2246 α
369 2200 623 2267 Quantus
642 2214 798 2251 amor
814 2208 977 2252 castae
997 2196 1212 2250 misero
1225 2193 1479 2269 nupsisse
1501 2192 1700 2248 marito
1724 2197 1740 2247 l

315 2301 346 2332 α
365 2280 437 2335 Et
455 2300 605 2336 nunc
617 2292 811 2336 moesta
824 2280 1052 2355 quidem
1068 2300 1237 2356 grave
1251 2292 1308 2334 et
1323 2276 1600 2334 illaetabile
1615 2297 1819 2336 munus

316 2386 347 2416 κ
366 2366 445 2420 Ut
472 2364 723 2434 timeam,
754 2365 1125 2441 doleamque,
1153 2385 1314 2441 rogo..
1339 2363 1453 2420 Sed
1471 2384 1598 2429 cum
1624 2365 1816 2421 oscula

460 2469 524 2504 ru
584 2486 585 2489 =
625 2460 684 2504 et

302 2553 349 2583 ,α
370 2469 722 2596 Μοεεῑῗὲἱεε,
736 2550 866 2587 cum
882 2536 1052 2590 rauca
1066 2534 1282 2591 dabunt
1299 2532 1636 2591 abeuntibus
1652 2534 1819 2589 armis

318 2641 348 2670 «
369 2613 535 2689 Signa
554 2613 701 2668 tubae
720 2655 734 2680 ,
761 2633 1019 2689 saevoque
1048 2638 1218 2691 genas
1238 2616 1516 2691 fulgebitis
1542 2634 1708 2683 auro,

316 2727 345 2755 κ
366 2702 477 2758 Hei
503 2699 672 2779 mihi}
694 2719 821 2756 care
842 2721 1048 2776 parens
1065 2745 1080 2771 ‚
1102 2702 1303 2757 iterum
1325 2704 1559 2757 sortasse
1580 2700 1823 2774 rogab0,

387 2787 543 2844 Illius
562 2782 817 2844 humenti
839 2807 1077 2865 carpens
1102 2800 1264 2864 pater
1292 2785 1478 2843 oscula
1509 2784 1698 2843 vultu:

316 2898 344 2927 α
371 2875 501 2930 Non
527 2873 791 2949 equidem
817 2873 918 2931 has
943 2894 1194 2952 unquam
1219 2870 1491 2950 culparim
1510 2912 1527 2942 ‚
1555 2881 1688 2926 nata
1704 2912 1736 2951 ‚-

465 2961 715 3034 querelas
737 2982 749 3014 :

314 3070 344 3101 κ
367 3050 516 3106 Pone
536 3060 747 3106 metus:
771 3049 1056 3107 laudanda
1077 3067 1267 3124 rogas,
1287 3066 1394 3104 nec
1414 3045 1588 3121 digna
1606 3043 1824 3121 negari.

1385 3118 1506 3197 *4
