2079 3613
505 305 576 342 no
718 286 1161 348 ΤΗΕΒΑῙΒοε,
1214 288 1352 336 LIB.
1405 289 1517 340 111.
1753 279 1832 357 57

332 397 634 453 Perculerit
653 434 670 464 ,
699 395 985 469 foedasque
1019 392 1206 471 palam
1234 395 1518 453 satiaverit
1543 396 1669 451 iras.

331 483 460 537 Jam
483 481 662 557 pudet
691 477 940 554 incepti,
971 479 1083 551 jam
1113 477 1377 554 poenitet3
1411 500 1474 535 ac
1505 480 1664 536 velut
1693 478 1785 534 ille

332 564 625 624 Fluctibus
652 566 822 622 Ioniis
848 563 1100 621 Calabrae
1129 563 1293 621 datus
1319 564 1528 621 arbiter
1554 562 1679 619 alno
1697 608 1714 634 ,

331 657 449 709 Nec
474 652 627 709 rudis
652 651 930 710 undarum
947 692 964 722 .,
995 663 1194 726 portus
1220 650 1322 707 sed
1345 650 1602 727 linquere
1631 650 1840 709 amicos

329 738 528 793 Purior
560 737 971 796 Oleniifrustra
1000 735 1205 811 gradus
1236 735 1459 813 impulit
1484 735 1649 792 astri:

331 824 472 879 Cum
493 825 682 901 fragor
698 823 925 879 hiberni
947 822 1165 879 subitus
1188 827 1219 878 J
1223 824 1372 891 oviS,
1399 821 1584 877 omnia
1609 820 1803 876 mundi

335 911 592 967 Claustra
613 924 831 977 tonant,
857 910 1177 985 multusque
1195 908 1356 985 polos
1376 908 1605 965 inclinat
1627 908 1835 966 Orion:

330 994 707 1072 lpse'quidem
729 994 918 1050 mallet
942 1007 1121 1050 terras
1138 1036 1153 1063 ‚
1177 1008 1501 1070 pugnatque
1528 993 1763 1063 reverti,

331 1086 462 1137 Fert
488 1082 684 1156 ingens
714 1100 742 1133 a
761 1100 957 1155 puppe
984 1081 1198 1133 Notus:
1230 1094 1361 1134 tunc
1384 1091 1503 1134 arte
1530 1080 1729 1136 relicta

329 1166 576 1241 Ingemit
591 1206 605 1234 ‚
630 1176 685 1219 et
707 1183 879 1220 caecas
901 1163 1152 1238 sequitur
1173 1165 1286 1238 jam
1309 1163 1527 1219 nescius
1548 1164 1747 1225 undas,

333 1248 485 1305 Talis
507 1252 827 1327 Agenoreus
852 1249 1081 1317 ductor,
1107 1248 1361 1325 coeloque
1387 1261 1701 1305 morantem

332 1340 690 1413 Luciferum,
729 1356 786 1398 et
814 1363 962 1400 seros
990 1341 1353 1399 moerentibus
1382 1341 1637 1419 increpat
1664 1357 1837 1401 ortus.

401 1429 547 1486 Ecce
579 1430 682 1485 sub
714 1429 979 1486 occiduas
1000 1448 1174 1487 versae
1203 1432 1312 1506 jam
1342 1431 1526 1486 noetis
1553 1430 1836 1503 habeam,

332 1516 742 1591 Astrorumque
781 1514 970 1572 obitus
992 1558 1008 1586 .,
1049 1513 1146 1570 ubi
1183 1515 1429 1592 primum
1470 1515 1713 1573 maxima

476 1608 694 1684 Tethys

328 1691 554 1769 Impulit
578 1696 697 1748 Eoo
729 1705 1093 1751 cunctantem
1116 1692 1441 1771 Hyperiona
1469 1706 1674 1770 pont0,

326 1783 445 1836 Ima
472 1779 760 1855 flageliatis
781 1825 799 1849 ,
827 1781 1049 1856 signum
1072 1777 1313 1854 lugubre
1339 1777 1647 1848 malorum,

327 1863 674 1920 Ponderibus
688 1864 997 1939 trepidavit
1008 1864 1228 1930 humus,
1240 1878 1537 1938 motusque
1550 1865 1836 1920 Cithaeron

325 1948 608 2023 Antiquas
635 1946 790 2003 dedit
814 1947 895 2002 ire
921 1948 1101 2004 nives·
1125 1951 1289 2003 Tunc
1313 1948 1431 2002 visa
1453 1947 1632 2002 levari

326 2033 614 2103 Culmina,
643 2044 998 2112 septenaeque
1024 2034 1160 2109 jugo
1188 2051 1521 2088 concurrere
1549 2043 1746 2107 portae.

324 2123 410 2176 En
434 2140 617 2198 prope
644 2135 772 2178 sunt
802 2140 983 2177 causae
1007 2138 1021 2175 ε
1052 2119 1239 2197 gelido
1265 2118 1555 2175 remeabat
1580 2120 1700 2177 Eoo

326 2208 508 2262 Iratus
527 2208 658 2264 satis
680 2253 698 2277 ,
725 2221 781 2264 et
807 2206 980 2263 tristis
999 2249 1014 2277 ‚
1057 2218 1239 2261 morte
1270 2218 1472 2283 negata
1490 2248 1505 2276 ,

322 2293 699 2360 Haemonides.
745 2298 864 2349 Nec
903 2293 1037 2349 dum
1082 2311 1181 2348 ora
1218 2301 1417 2369 patent
1453 2334 1469 2362 ‚
1526 2292 1835 2369 dubiusque

396 2390 589 2432 notari

321 2462 487 2535 Signa
509 2461 683 2517 dabat
706 2482 917 2539 magnae
940 2464 1107 2540 longe
1133 2462 1426 2519 manifesta
1447 2462 1622 2519 ruinae
1641 2506 1656 2531 ‚

320 2542 669 2617 Planctuque
684 2587 698 2612 ‚
724 2558 782 2599 et
803 2547 1026 2620 gemitu.
1050 2555 1357 2624 Lacrymas
1380 2568 1509 2604 nam
1534 2549 1796 2623 protinus

470 2647 664 2685 omnes

290 2765 293 2766 γ
322 2717 590 2775 Fuderat.
611 2714 779 2772 Haud
804 2714 966 2771 aliter
993 2715 1139 2771 saltu
1164 2715 1478 2772 devertitur
1502 2717 1673 2773 orbus

324 2806 516 2862 Pastor
538 2801 610 2859 ab
636 2815 916 2879 agrestum
939 2815 1221 2859 nocturna
1241 2812 1423 2879 strage
1445 2800 1705 2878 luporum
1721 2809 1744 2873 ,'

323 2888 497 2964 Cujus
518 2888 698 2946 herile
724 2911 899 2967 pecus
925 2888 1077 2948 silvis
1098 2887 1360 2966 inopinus
1388 2885 1573 2964 abegit

334 2974 522 3034 Imber
544 3019 559 3048 ‚
595 2989 650 3034 et
671 2976 922 3036 hibernae
950 2989 1182 3036 ventosa
1210 2974 1497 3033 cacumina
1526 2976 1716 3033 Lunae.

1437 3068 1554 3136 *5
