2079 3613
13 220 25 295 ἦ
45 260 50 285 ι

332 286 459 348 168
643 293 1077 360 ΤΗΕΒΑωο5,
1130 292 1275 346 ΜΒ,
1330 294 1434 342 vl.
1529 293 1642 351 620

327 391 714 462 Cemenelum,
743 406 977 469 totoque
1004 403 1209 466 parant
1232 387 1513 446 decedere
1539 389 1736 445 Circo·

327 475 468 529 Sunt
486 484 540 528 et
558 476 684 549 quis
713 478 830 533 Idae
855 474 1075 551 placeat
1103 473 1278 530 dolus.
1305 475 1437 550 Ipse
1464 484 1687 548 regesta

322 556 758 634 Parthenopaeus
793 558 967 616 humo
983 602 986 605 Δ
1001 560 1328 635 vultumque
1364 557 1672 636 oculosque
1692 613 1697 618 .

550 645 849 703 madentes
1648 712 1656 719 ,

325 727 534 786 Obruit
559 750 573 783 ι
610 731 840 788 accessit
864 733 1232 808 lacrymarum
1258 733 1438 808 gratia
1467 732 1682 791 sormae.

319 816 742 872 Pectorafnunc
762 833 1020 888 moenem,
1047 838 1200 874 nunc
1225 838 1323 875 ora
1344 819 1576 897 indigna
1598 829 1832 877 cruento

320 900 528 976 Ungue
556 913 706 957 secat
722 940 739 971 ,
755 903 1122 979 meritamque
1138 923 1377 961 comam.
1396 906 1558 960 Furit
1572 902 1829 981 undique

335 1002 342 1005 “
557 985 767 1047 clamor
843 1024 848 1031 ·
1446 1012 1451 1015 ·

327 1071 598 1128 Dissonus
621 1115 636 1144 ‚
664 1074 1094 1171 ambiguumque
1112 1077 1259 1143 senis
1277 1087 1578 1134 cunctatur
1590 1074 1832 1131 Adrasti

325 1154 650 1213 Consilium.
671 1158 966 1215 Tandem
948 1180 1077 1259 ipse
1099 1164 1307 1219 refert.
1334 1178 1367 1215 α
1392 1158 1754 1236 Compescite
1799 1168 1805 1174 ”

544 1241 718 1298 litem
711 1282 736 1314 .,

323 1346 354 1377 α
372 1326 425 1387 O
450 1325 640 1399 pueri'
666 1329 840 1387 viitus
862 1330 1067 1390 iterum
1091 1331 1395 1389 tentanda·
1382 1370 1396 1387 .
1426 1332 1523 1390 sed
1545 1333 1624 1389 ite

233 1440 238 1444 -
324 1430 357 1460 «
377 1408 582 1466 Limite
601 1430 714 1469 non
736 1436 847 1472 uno
872 1435 885 1471 ε
918 1418 1064 1475 latus
1088 1418 1201 1474 hoc
1221 1417 1552 1474 conceditur
1570 1416 1715 1487 Idoe,

321 1512 354 1542 «
378 1493 467 1547 Tu
485 1494 703 1554 diversa
724 1513 889 1556 tene.
913 1500 1068 1559 fraus
1087 1482 1342 1560 cursibus
1360 1503 1539 1558 omnis
1559 1501 1771 1561 abesto
1788 1524 1819 1557 »ι

392 1578 610 1636 Aud1e1
597 1597 710 1640 ant
725 1585 1034 1663 ‚dictoque
1059 1600 1310 1691 manent.
1340 1591 1483 1646 Mox
1502 1588 1727 1645 numina
1781 1640 1791 1646 .

523 1671 780 1770 supple}

317 1750 506 1809 Affatu
529 1753 706 1811 tacito
734 1758 950 1832 juvenis
969 1732 1207 1839 Tegaeus
1230 1759 1456 1820 adorat:

391 1861 420 1892 «
440 1838 588 1927 Diva
623 1854 835 1915 potens
866 1866 1161 1902 nemorum
1186 1848 1329 1919 (tibi
1368 1846 1549 1917 enim,
1584 1843 1679 1903 hie
1712 1829 1820 1902 tibi

539 1919 710 2004 minis
734 1929 938 1987 honori
977 1939 984 1948 ’
1482 1985 1489 1988 ,

313 2030 344 2061 α
367 2008 635 2080 DebituS,
665 2030 809 2085 eque
835 2027 934 2070 tuo
956 2016 1109 2074 venit
1131 2016 1292 2074 haec
1276 2016 1476 2093 injuria
1499 2012 1670 2091 voto)

311 2116 342 2147 α
368 2095 425 2149 Si
447 2094 595 2149 bene
623 2096 765 2170 quid
790 2098 1060 2171 genitrix,
1086 2103 1132 2158 si
1157 2102 1297 2180 quid
1321 2100 1656 2159 venatibus
1638 2116 1761 2174 ipse

312 2202 343 2231 «
363 2177 678 2249 Promerui,
700 2200 772 2236 ne
798 2178 1050 2262 (quaeso)
1076 2187 1223 2243 sinas
1246 2187 1359 2243 hoc
1385 2185 1571 2246 omine
1582 2182 1817 2239 Thebas

305 2287 349 2318 x«
366 2266 489 2332 Ire,
515 2283 620 2320 nec
641 2266 897 2324 Arcadiae
921 2280 1140 2328 tantum
1163 2272 1432 2330 meruisse
1459 2267 1760 2345 pudoxem!
1782 2289 1812 2319 >³

379 2347 655 2416 Auditum
678 2351 967 2410 manifesta
993 2354 1135 2413 fides
1159 2375 1173 2410 :
1203 2356 1298 2414 vix
1326 2373 1563 2429 campus
1589 2364 1827 2422 eumelus

308 2436 494 2494 Sentit
517 2477 535 2504 ‚
561 2437 801 2495 et·exilis
826 2438 1039 2513 plantis
1071 2441 1374 2518 intenvenit
1408 2460 1502 2498 aer
1518 2484 1535 2508 ‚

307 2522 577 2596 Raraque
602 2542 716 2578 non
738 2523 917 2584 fracto
942 2526 1175 2601 vestigia
1201 2524 1437 2602 pulvere
1458 2522 1740 2601 fpendent·
1782 2587 1787 2590 .

306 2604 526 2681 Iriupit
546 2604 786 2668 clamore
812 2611 993 2679 fores,
1022 2609 1265 2667 clamore
1288 2629 1454 2666 ιεοω
1457 2611 1532 2665 rit

305 2690 456 2747 Ante
479 2691 711 2763 ducem,
739 2715 1053 2771 prensaque
1078 2696 1233 2751 levat·
1250 2695 1435 2769 suspii
1439 2694 1493 2746 ia
1508 2688 1719 2764 palma.

378 2775 542 2831 Finiti
566 2797 790 2848 cursuS,
821 2796 1174 2853 operumque
1199 2774 1435 2850 insignia
1455 2783 1680 2849 praesto,

306 2861 469 2916 Arcas
497 2881 704 2937 equum
732 2865 934 2932 dono,
949 2860 1213 2935 clypeum
1239 2871 1380 2934 gent
1405 2856 1693 2935 improbus

532 2946 663 3001 Idas
680 2989 696 3015 ,
1808 2999 1813 3012 .

310 3027 523 3086 Caetera
550 3027 714 3103 plebs
732 3028 926 3104 Lyciis
950 3029 1156 3109 gaudet
1177 3043 1444 3098 contenta
1462 3030 1766 3113 pharetris.

833 3163 878 3174 7-
