2079 3613
229 300 314 373 34
506 300 948 366 THEBAm05‚
1002 304 1150 352 ΜΒ.
1202 302 1284 351 11.
1385 299 1490 371 146

222 413 429 463 Tracta
466 406 650 483 quies,
690 402 821 458 dum
863 412 1052 457 mente
1087 401 1236 455 Deos
1259 442 1273 470 ,
1309 399 1649 476 inceptaque

378 504 564 547 versat

229 584 519 660 Hospitia,
552 595 611 638 et
649 602 771 657 quae
799 579 905 636 sint
933 564 1147 654 geneiis
1176 578 1345 635 ascita
1372 578 1614 656 repertis

227 681 396 747 Fata,
423 688 632 732 movet.
660 675 958 749 Postquam
991 672 1191 729 mediis
1217 672 1275 726 in
1302 671 1525 728 sedibus
1552 672 1688 728 aulae

228 763 560 841 Congressi,
597 763 765 837 inque
803 761 992 819 vicem
1031 759 1253 818 dextras
1286 761 1521 835 junxere
1544 803 1560 831 ,

370 850 672 924 locumque

227 951 355 1019 Quo
376 963 559 999 serere
579 956 808 998 arcanas
828 952 1042 1017 aptum,
1066 952 1231 1016 atque
1258 939 1514 997 evolvere
1536 960 1728 1009 ουτος,

227 1028 523 1098 Insidunt3
547 1029 704 1107 prior
734 1029 821 1084 his
857 1025 1057 1081 dubios
1087 1025 1390 1101 compellat
1414 1025 1689 1082 Adrastus
1713 1043 1727 1078 ε

310 1141 339 1169 α
377 1115 601 1194 Egregii
637 1117 909 1193 juvenum
936 1154 952 1182 ‚
998 1131 1141 1188 quos
1182 1133 1297 1168 non
1336 1113 1468 1183 sine*
1501 1111 1732 1168 numine

381 1205 562 1281 regnis

235 1321 264 1352 ιι
286 1297 509 1355 Invexit
528 1316 638 1351 nox
656 1294 847 1361 dextra
863 1294 1001 1351 meis
1014 1337 1030 1366 ,
1050 1296 1249 1372 quibus
1269 1297 1389 1372 ipse
1413 1314 1515 1369 per
1530 1294 1731 1349 imbres

231 1408 265 1440 α
284 1381 638 1439 Fulminibus
655 1381 854 1440 mixtos
869 1424 884 1454 ‚
909 1376 1422 1460 intempestumque
1443 1393 1733 1436 tonantem

231 1493 266 1523 «
285 1471 403 1525 Has
421 1487 578 1526 meus
596 1488 771 1544 usque
799 1472 995 1527 domos
1014 1469 1250 1546 vestigia
1277 1466 1412 1523 fecit
1426 1466 1633 1541 Apollo
1655 1484 1669 1521 ε

233 1578 268 1608 α
288 1555 420 1611 Non
453 1553 712 1630 equidem
749 1555 1053 1613 obscurum
1086 1553 1247 1614 vobis
1268 1595 1283 1622 ,
1319 1550 1584 1628 plebique

272 1706 279 1709 =
382 1639 625 1717 Pelasgae

235 1759 266 1788 α
284 1735 418 1791 Esse
446 1755 602 1805 reor,
627 1737 849 1814 quantis
876 1735 1162 1793 connubia
1185 1745 1378 1793 nostra
1397 1752 1697 1810 procorum

233 1846 267 1877 α
286 1820 479 1879 Turba
506 1834 700 1897 petant
729 1822 925 1880 studiis
956 1842 970 1878 :
1014 1820 1248 1900 geminae
1283 1819 1420 1877 mihi
1452 1840 1693 1896 namque
1714 1861 1732 1889 ‚

381 1922 652 1986 nepotum

231 2027 264 2059 κ
283 2010 429 2061 Laeta
455 2004 596 2063 fides
611 2047 625 2076 ‚
656 2025 812 2081 aequo
837 2006 1158 2081 pubescunt
1178 2004 1362 2059 sidere
1380 2012 1547 2057 natae.

231 2114 264 2147 α
284 2094 539 2165 Quantus
556 2091 738 2147 honos
758 2134 772 2162 ,
795 2102 1154 2166 quantusque
1179 2087 1366 2163 pudor
1389 2086 1500 2160 (ne
1521 2086 1734 2144 credite

367 2178 555 2258 patri)

233 2297 274 2327 n·
285 2275 356 2330 Et
383 2292 552 2350 super
573 2272 864 2330 hesternas
884 2268 1047 2324 licuit
1070 2284 1409 2341 cognoscere
1433 2281 1676 2320 mensas.

232 2381 266 2411 ιι
283 2360 397 2413 Has
422 2356 622 2415 tumidi
648 2355 787 2411 solio
810 2395 826 2422 ,
864 2365 921 2407 et
951 2349 1066 2406 late
1094 2350 1509 2408 dominantibus
1529 2348 1697 2405 armis

233 2466 267 2498 α
284 2444 572 2520 Optavere
593 2442 703 2500 viri
725 2462 737 2494 ι
765 2439 992 2511 longum
1018 2446 1342 2495 enumerare
1365 2436 1623 2493 Pharaeos

235 2553 265 2583 κ
284 2529 671 2602 OEbaliosque
709 2523 884 2578 duces
903 2564 921 2593 ‚
959 2535 1017 2579 et
1050 2523 1256 2581 Achaea
1293 2544 1400 2600 per
1437 2519 1650 2602 oppida

377 2627 592 2692 matres

232 2732 264 2764 α
284 2710 451 2785 Spem
468 2704 705 2781 generis3
723 2722 831 2759 nec
845 2701 1005 2780 plura
1023 2717 1146 2761 tuus
1161 2704 1492 2781 despexerat
1505 2701 1735 2757 OEneus

150 2837 153 2838 γ
234 2818 266 2849 «
284 2791 527 2851 Foedera
543 2832 559 2859 .,
588 2790 878 2868 Pisaeisque
898 2812 1059 2849 socer
1084 2789 1417 2847 metuendus
1437 2787 1693 2844 habenis,

232 2902 266 2932 κ
286 2875 400 2936 Sed
414 2873 553 2931 mihi
566 2897 669 2934 nec
684 2880 881 2956 Sparta
899 2880 1136 2955 genit03‚
1153 2880 1262 2932 nec
1278 2876 1348 2931 ab
1364 2873 1522 2931 Elide
1541 2864 1736 2930 missos

242 2987 272 3016 «
291 2967 534 3037 Jungere
554 2962 636 3021 fas
657 2984 923 3039 generos:
946 2966 1109 3022 vobis
1126 2962 1222 3018 hic
1242 2960 1465 3036 sanguis
1483 3003 1499 3026 ,
1522 2972 1576 3015 et
1596 2959 1735 3014 auiae

239 3074 269 3104 κ
288 3050 426 3108 Jura
449 3068 618 3134 meae²
644 3051 807 3127 longo
826 3049 1176 3127 promittitur
1202 3045 1395 3105 ordine
1421 3043 1543 3102 fati.
