2079 3613
325 307 452 373 356
594 318 1041 382 τΗΕΒΑῙυοε,
1093 320 1237 367 Lm.
1286 320 1423 369 ΧΠ.
1554 336 1625 394 97

322 440 353 469 κ
381 414 592 473 Pellere
615 417 733 474 sas!
764 417 1062 493 ipsumque
1087 417 1258 486 feraS,
1282 415 1465 492 ipsum
1489 433 1635 471 unca

543 501 836 557 volucrum

321 608 349 639 α
371 588 486 643 Ora
502 586 664 662 sequi
683 627 699 656 ,
731 599 901 662 atque
917 597 1068 643 artus
1082 605 1275 661 regum
1287 597 1595 642 monstrare

534 669 808 726 nefandos
837 676 851 725 Ξ

228 746 241 753 “
321 776 350 807 κ
371 752 481 810 Hei
515 753 652 808 mihi
678 759 692 809 l
716 754 871 830 quod
893 753 1109 832 positos
1133 751 1337 809 humus
1364 753 1505 809 alma
1528 796 1544 825 ‚
1575 753 1808 829 diesque

541 838 774 897 resolvit
803 840 815 897 !

322 950 352 979 κ
371 930 559 1001 Quare
584 923 790 980 iterum
816 937 1101 1001 repetens,
1125 922 1438 998 iterumque
1466 923 1629 982 edico
1725 988 1728 991 ,

368 1003 373 1009 ”
533 1030 793 1087 suprema
1461 1034 1464 1039 ·

317 1118 347 1147 α
365 1097 450 1151 Ne
480 1094 601 1170 quis
621 1115 731 1172 ope
750 1137 765 1164 ‚
798 1106 893 1151 aut
918 1093 1149 1149 flammis
1171 1093 1313 1148 ausit
1339 1095 1544 1170 juvisse

531 1180 789 1257 Pelasgos
817 1199 830 1235 t

316 1290 345 1320 α
366 1268 485 1323 Aut
503 1286 640 1324 nece
668 1268 814 1323 sacta
840 1266 956 1322 luet
981 1307 996 1337 ‚
1023 1266 1378 1344 numeroque
1407 1269 1655 1345 explebit

448 1354 457 1361 ’
537 1352 802 1428 adempta

313 1459 347 1492 ιι
368 1438 639 1514 Corpora.
667 1439 772 1493 Per
791 1438 1037 1512 Superos
1053 1479 1069 1507 ,
1092 1457 1468 1516 magnumque
1488 1443 1776 1500 Menaecea

534 1525 662 1598 juro
691 1527 754 1578 l»

383 1607 537 1665 Dixit
552 1584 658 1679 stet
683 1606 978 1683 abreptum
999 1608 1233 1664 comites
1248 1609 1305 1665 in
1333 1623 1480 1667 tecta
1497 1610 1767 1668 serebant.

311 1690 539 1750 Flebilis
553 1693 769 1749 interea
790 1691 979 1750 vacuis
1003 1693 1301 1751 comitatus
1322 1694 1393 1749 ab
1418 1696 1574 1771 Argis

310 1780 334 1862 (
360 1784 529 1839 Fama
557 1779 979 1838 trahitmiseras,
1002 1777 1023 1857 )
1054 1776 1232 1849 orbas,
1257 1779 1552 1858 viduasque
1569 1780 1808 1842 ruebant
1836 1793 1842 1796 “

307 1866 646 1939 InachideS,
679 1887 783 1924 ceu
810 1878 975 1944 capta
1002 1884 1200 1922 manus
1227 1884 1241 1920 τ
1266 1885 1363 1922 sua
1380 1867 1612 1925 vulnera

532 1951 735 2028 cuique
754 1994 770 2024 ,

306 2040 410 2094 Par
428 2036 657 2094 habitus
677 2036 891 2093 cunctis
920 2054 934 2092 ε
965 2035 1173 2111 dejecti
1199 2037 1255 2092 in
1282 2044 1511 2112 pectora
1538 2038 1717 2093 crines
1737 2078 1756 2108 ,

305 2123 677 2198 Accinctique
705 2118 876 2182 sinus.
900 2124 1139 2178 Manent
1165 2122 1350 2178 lacera
1368 2141 1462 2177 ora
1491 2124 1735 2179 cruentis

305 2208 597 2281 Unguibus
614 2247 630 2276 ‚
659 2219 715 2262 et
741 2205 931 2261 molles
957 2206 1192 2280 planctu
1215 2225 1443 2263 crevere
1472 2207 1681 2263 lacerti.

306 2290 485 2346 Prima
510 2310 615 2366 per
643 2290 907 2346 attonitas
932 2290 1108 2366 nigroe
1131 2292 1325 2366 regina
1353 2303 1593 2347 catervae

304 2372 583 2430 Tristibus
609 2372 846 2430 illabens
874 2374 1096 2430 famulis
1113 2418 1129 2444 ‚
1158 2374 1472 2450 iterumque
1491 2394 1793 2453 resurgens

305 2448 513 2531 Quaerit
535 2458 701 2534 inops
725 2459 879 2533 Argia
904 2459 1045 2517 vias.
1075 2461 1203 2516 Non
1224 2459 1377 2534 regia
1402 2457 1589 2528 cordi,

305 2543 433 2601 Non
458 2554 648 2618 pater:
670 2563 782 2599 una
803 2544 946 2602 fides
967 2587 984 2614 ‚
1012 2565 1185 2600 unum
1212 2543 1493 2619 Polynicis
1512 2547 1683 2601 amati

302 2632 519 2686 Nomen
539 2629 598 2684 in
623 2648 717 2685 ore
746 2630 923 2687 sedet.
954 2630 1192 2700 Dircen,
1219 2629 1581 2706 infaustaque
1608 2630 1811 2688 Cadmi

270 2755 277 2758 -
304 2715 543 2794 Moenia,
572 2727 700 2790 post
726 2714 930 2771 habitis
951 2714 1082 2772 velit
1109 2714 1410 2772 incoluisse
1435 2716 1711 2791 Mycenis·

303 2800 563 2855 Proxima
591 2800 825 2855 Lernaeo
851 2799 1229 2876 Calydonidas
1253 2800 1472 2875 agmine
1494 2801 1698 2859 mixtas

305 2884 541 2958 Tydeos
557 2882 831 2956 exsequiis
854 2883 1026 2939 trahit
1051 2882 1205 2940 haud
1226 2903 1445 2940 cessura
1463 2886 1641 2942 sorori

306 2965 587 3041 Deiphile.
612 2965 800 3021 Scelus
814 2967 904 3027 illa
921 2965 1151 3044 quidem
1167 3008 1183 3040 ,
1213 2987 1536 3045 morsusque

522 3050 788 3127 profanos
