2079 3613
755 151 758 152 ⁷
790 155 800 206 ¹.

253 286 380 369 ἔξω
501 315 1163 381 -mnneA1nos‚-.1,1B.
1215 317 1292 368 x.
1387 311 1498 388 554

248 414 507 489 Saxaque
527 411 591 467 in
616 412 884 470 adversos
908 411 1045 489 ipsis
1064 410 1253 469 avulsa
1274 412 1537 482 rotabant

248 498 545 554 Moenibus.
574 497 877 555 Exundant
900 514 1048 554 saevo
1075 496 1295 572 fastigia
1315 498 1508 553 nimbo
1516 517 1537 566 3

186 644 191 648 ,
244 583 603 659 Armataeque
631 594 864 639 vomunt
889 580 1178 639 stridentia
1194 580 1314 639 tela
1337 584 1611 642 fenestrae.

245 664 501 738 Qualiter
520 680 614 723 aut
637 665 862 723 Malean
880 710 897 738 ,
926 678 1023 722 aut
1051 671 1164 723 alta
1188 666 1478 724 Ceraunia
1507 688 1677 743 supra

171 788 176 794 ·
242 754 544 808 Cessantes
565 753 627 807 in
650 751 799 808 nube
825 750 1024 807 sedent
1041 793 1057 821 ,
1085 750 1372 827 nigrisque
1396 750 1666 829 leguntur

244 835 500 894 Collibus
517 878 533 905 .‚
564 849 620 892 et
637 835 836 894 *subitae
861 836 1064 893 saliunt
1090 837 1147 892 in
1172 834 1295 893 vela
1318 836 1611 913 procellae:

244 921 398 977 Talis
423 922 723 997 Agenoreis
750 923 1023 998 Argivum
1050 921 1332 977 exercitus
1358 922 1523 978 armis

243 1005 549 1063 Obruitur:
576 1027 687 1062 non
713 1028 810 1063 ora
836 1008 1046 1077 virum,
1071 1028 1190 1063 non
1212 1019 1444 1083 pectora
1461 1007 1644 1072 flectit

241 1088 434 1146 Imber
456 1103 616 1146 atrox
632 1132 648 1160 ‚
680 1103 977 1167 rectosque
1004 1104 1201 1148 tenent
1225 1091 1282 1147 in
1298 1090 1712 1160 moeniavultus

240 1175 607 1233 Immemores
640 1176 773 1246 leti,
803 1190 860 1233 et
886 1189 1103 1233 tantum
1130 1197 1233 1264 suffi
1258 1175 1365 1232 tela
1397 1177 1671 1235 videntes,

167 1259 471 1330 „Anthea
497 1260 703 1318 falcato
728 1263 1059 1318 lustrantem
1088 1260 1291 1317 moenia
1319 1276 1485 1316 curru
1509 1301 1527 1329 ,

153 1384 165 1391 x
239 1339 502 1423 Desuper
526 1346 758 1425 Ogygiae
782 1344 1005 1423 pepulit
1029 1343 1210 1420 gravis
1231 1342 1471 1418 impetus
1497 1344 1687 1399 hastae.

237 1431 385 1488 Lora
412 1453 645 1491 excussa
671 1452 867 1502 manu;
890 1445 1151 1503 retroque
1180 1430 1234 1483 in
1261 1443 1410 1503 terga
1440 1431 1666 1486 volutus
1686 1467 1704 1498 ‚
1756 1453 1766 1460 ·

234 1515 600 1576 Semianimes
628 1533 776 1576 artus
798 1557 815 1586 ‚
846 1515 1025 1570 ocreis
1052 1511 1679 1580 retinentibuS‚³haeret:
1708 1519 1741 1536 ²

237 1598 588 1677 (Mirandum
631 1605 752 1661 visu
782 1599 911 1655 belli
946 1597 1151 1653 scelus!
1171 1608 1191 1674 )
1210 1591 1360 1651 arma
1400 1597 1699 1653 trahuntur
1719 1636 1740 1667 ,

231 1687 272 1738 F
276 1701 640 1762 umantesque
668 1699 801 1740 rotae
829 1681 1084 1738 tellurem
1101 1724 1116 1752 ‚
1146 1695 1204 1737 et
1229 1682 1426 1739 tertius
1447 1681 1619 1754 hastae

232 1771 425 1829 Sulcus
450 1782 628 1827 arant.
657 1771 853 1845 Longo
877 1766 1134 1844 sequitur
1157 1787 1297 1845 vaga
1322 1766 1552 1846 pulvere

458 1854 680 1924 cervix,

231 1943 302 1998 Et
329 1938 718 2015 resupinarum
744 1950 903 2014 patet
929 1939 1110 1996 orbita
1133 1939 1240 1997 lata
1264 1960 1570 1997 comarum.

301 2030 368 2082 At
390 2025 523 2082 tuba
550 2025 813 2082 luctificis
832 2026 1017 2103 pulsat
1041 2027 1392 2103 clangoribus
1417 2026 1647 2095 urbem,

227 2115 619 2187 Obseptasque
647 2113 794 2167 fores
818 2111 1000 2166 sonitu
1027 2111 1330 2187 perfringit
1355 2131 1562 2167 amaro.

222 2200 482 2258 Divisere
511 2200 725 2268 aditus,
755 2196 1014 2272 omnique
1043 2197 1101 2251 in
1120 2196 1311 2253 limine
1339 2217 1515 2254 saevus

183 2278 190 2283 ⁴
226 2284 467 2362 Signifer
485 2297 613 2339 ante
637 2303 830 2339 omnes
854 2303 951 2338 sua
972 2283 1194 2349 damna,
1220 2295 1277 2339 et
1297 2280 1494 2358 gaudia
1516 2296 1730 2359 portat.
1788 2300 1803 2302 ἡ

222 2371 359 2428 Dira
389 2371 539 2426 intus
563 2369 730 2425 facies
761 2387 773 2422 :
813 2368 905 2424 vix
931 2371 1163 2424 Mavors
1187 2368 1305 2443 ipse
1333 2367 1580 2425 videndo

222 2456 499 2529 Gaudeat.
536 2456 775 2513 Incertis
799 2454 1149 2532 lymphatam
1170 2454 1504 2512 horroribus
1535 2453 1731 2509 urbem

221 2540 497 2598 Scindunt
522 2540 778 2597 dissensu
813 2540 972 2597 vario
996 2582 1013 2611 .,
1053 2539 1354 2616 luctusque
1372 2584 1386 2607 ‚
1415 2542 1687 2616 furorque
1712 2582 1732 2608 ,

221 2627 294 2682 Et
316 2647 495 2702 pavor
514 2668 531 2696 ‚
560 2638 616 2681 et
645 2625 805 2682 caecis
830 2626 962 2700 suga
981 2624 1312 2680 circumfusa
1342 2624 1610 2681 tenebris·
1649 2635 1654 2642 '

220 2708 431 2767 Bellum
449 2712 686 2767 intrasse
703 2722 887 2787 putes.
912 2711 1160 2765 Fervent.
1181 2709 1516 2769 discursibus
1545 2727 1727 2777 arceS,

219 2795 536 2852 Miscentur
563 2795 804 2852 clamore
825 2794 947 2852 viae.
970 2795 1203 2847 Ferrum
1234 2792 1478 2869 undique
1500 2806 1556 2848 et
1576 2794 1735 2870 ignes

219 2882 413 2935 Mente
455 2880 646 2936 vident
675 2900 689 2935 t
718 2896 885 2935 saevas
910 2888 1095 2949 mente
1118 2896 1387 2951 accepere
1416 2890 1660 2933 catenas,

222 2963 583 3040 consumpsit
608 2977 848 3020 ventura
880 2959 1067 3016 timor.
1095 2962 1132 3017 J
1136 2981 1224 3016 am
1249 2960 1731 3033 tecta‘replerant,

221 3040 612 3122 Templaque,.
630 3062 687 3104 et
712 3049 942 3125 ingrat-e
960 3045 1240 3103 vallantur
1251 3037 1574 3122 'planctibus
1600 3052 1730 3113 aran·
