2079 3613
337 337 465 398 316
594 345 1049 407 mmmmm,
1101 344 1243 392 Lm.
1299 349 1374 393 x.
1475 344 1583 400 886

328 444 507 518 Seque
533 440 753 498 obstare
776 440 961 498 videt:
990 439 1183 515 gemit,
1213 441 1534 495 inservante
1555 460 1829 511 noverca,

329 527 534 604 Libe&
563 542 619 584 et
645 527 869 602 obliquo
894 538 1221 600 respectans
1245 526 1454 581 lumine
1481 538 1697 600 patrem
1727 545 1742 582 ε

334 635 362 665 ι(
385 614 436 669 N
443 634 549 671 unc
568 614 664 671 ubi
683 633 828 667 saeva
843 617 1073 665 manus}
1095 629 1328 685 meaque
1347 609 1494 666 heu!
1521 611 1796 668 cunabula

553 701 810 762 flammae,

334 808 361 837 α
381 783 612 839 Fulmen
629 823 644 850 ,
675 782 729 836 io
757 780 856 836 ubi
881 779 1139 837 fulmen?
1167 780 1262 836 ait.
1286 803 1313 834 υ
1341 781 1534 837 Gemit
1559 794 1757 838 auctor

547 865 757 941 Apollo

326 955 480 1022 Quas
507 949 666 1005 dedit
691 951 811 1026 ipse
839 951 1056 1007 domos.
1087 952 1331 1005 Lernam
1351 990 1367 1019 .‚
1396 949 1731 1027 Thebasque

543 1033 809 1111 rependit

327 1132 591 1200 Moesum,
624 1145 680 1188 et
704 1133 923 1188 intento
950 1131 1170 1188 dubitat
1194 1130 1524 1208 Tirynthius
1550 1150 1703 1187 arcu.

318 1221 613 1273 ·Maternos
638 1217 851 1292 plangit
875 1218 1101 1273 volucer
1129 1217 1402 1272 Danaeius
1427 1221 1610 1293 Argos
1638 1238 1653 1287 ;

325 1287 448 1358 Flet
466 1304 658 1360 Venus
685 1301 994 1357 Harmoniae
1017 1300 1257 1376 populos
1275 1340 1292 1369 ‚
1321 1313 1690 1377 metuensque

531 1386 753 1456 mariti,

324 1486 444 1540 Stat
467 1484 697 1558 procul,
727 1495 784 1538 et
809 1482 980 1539 tacita
1004 1479 1313 1538 Gradivum
1343 1481 1575 1558 respicit
1596 1483 1701 1538 ira.

323 1571 590 1643 Increpat
614 1569 814 1622 Aonios
841 1568 1025 1623 audax
1051 1564 1304 1620 Tritonia
1330 1566 1529 1622 Divos.

323 1657 356 1709 J
360 1674 608 1708 unonem
634 1653 858 1710 tacitam
885 1651 1182 1709 furibunda
1209 1650 1422 1708 silentia
1451 1664 1751 1728 torquent:

323 1743 450 1796 Non
476 1750 664 1794 tamen
689 1738 806 1794 haec
833 1738 1062 1794 turbant
1086 1757 1283 1814 pacem
1309 1740 1346 1793 J
1350 1738 1470 1795 ovis
1500 1757 1514 1794 t
1550 1758 1684 1794 ecce

473 1840 474 1847 ’
548 1826 810 1903 quierant
1082 1842 1087 1847 ’
1159 1824 1162 1830 ¹

321 1929 358 1985 J
364 1928 550 2003 urgia„
586 1947 714 1983 cum
739 1926 935 1982 mediis
971 1927 1269 2002 Capaneus
1294 1926 1516 1982 auditus
1545 1926 1598 1979 in
1626 1926 1821 1982 astris:

402 2039 430 2068 «
451 2013 688 2073 Nullane
717 2035 821 2090 pro
845 1994 1113 2089 trepidis,
1146 2011 1454 2082 clamabat,
1483 2013 1714 2068 numina

538 2097 746 2153 Thebis

328 2218 358 2247 «
375 2189 588 2250 Statis‘?
618 2191 715 2247 uhi
740 2190 980 2245 infandae
1007 2211 1197 2265 segnes
1225 2192 1438 2249 telluris
1465 2193 1707 2264 alumni5

326 2304 354 2329 «
377 2275 624 2333 Bacchus
651 2289 704 2331 et
729 2275 999 2333 Alcides?
1026 2276 1180 2352 piget
1207 2277 1466 2355 instigare
1491 2281 1747 2335 minores.
1770 2318 1773 2321 -

322 2386 352 2416 t<
376 2365 463 2418 Tu
490 2360 681 2437 potius
706 2361 897 2417 venias
915 2403 931 2430 ‚
964 2358 1123 2439 (quis
1145 2362 1288 2419 enim
1311 2382 1642 2420 concurrere
1666 2363 1827 2421 nobis

324 2472 352 2500 ι(
375 2443 678 2523 Dignior?)
701 2467 780 2501 en
807 2445 1023 2504 cineres
1041 2489 1057 2518 ,
1089 2448 1460 2525 Semelaeaque
1486 2448 1648 2527 busta
1682 2498 1685 2503 .

536 2546 814 2591 tenentur.

319 2656 356 2683 «ι
376 2631 543 2688 Nunc
568 2652 669 2707 age
691 2652 706 2688 z
729 2653 875 2690 nunc
903 2633 1033 2690 totis
1058 2634 1116 2689 in
1140 2655 1228 2690 me
1258 2634 1547 2690 connitere
1570 2631 1819 2701 flammis,

319 2740 348 2768 κ
371 2716 618 2791 Jupiter.
647 2719 738 2774 An
755 2718 998 2792 ,pavidas
1024 2719 1237 2775 tonitru
1263 2722 1485 2774 turbare
1514 2715 1730 2793 puellas

319 2826 351 2852 «
369 2802 594 2858 Fortior
612 2843 628 2871 ‚
652 2815 707 2858 et
727 2805 905 2859 soceri
928 2802 1199 2861 thalamos
1224 2803 1553 2863 exscindere

540 2888 740 2942 Cadmi
756 2886 782 2943 Ρ
798 2886 825 2940 >i

389 2983 669 3059 Ingemuit
690 2983 854 3040 dictis
878 2982 1153 3060 Superum
1177 2983 1359 3040 dolor.
1384 2985 1515 3059 Ipse
1536 2985 1823 3043 furentem

320 3067 498 3139 Risit,
528 3080 584 3123 et
607 3066 825 3125 incussa
850 3081 1164 3127 sanctarum
1189 3067 1333 3126 mole
1360 3087 1678 3126 comarum:
