2079 3613
504 295 575 379 154
722 303 1164 379 ΤΗΕΒΑῙΒΟΞ,
1218 315 1357 366 Lm.
1409 318 1517 371 vl.
1709 311 1830 394 147

346 471 349 478 ι
407 406 686 464 Tristibus
708 407 925 466 interea
953 410 1153 482 ramis,
1182 422 1484 489 teneraque
1509 434 1775 494 cupresso

328 486 636 551 Damnatus
663 495 893 551 flammae
915 509 1102 569 toruS,
1136 511 1191 556 et
1210 500 1433 577 puerile
1453 500 1785 579 pheretrum

332 579 563 636 Texitur
586 598 600 634 z
630 580 741 637 ima
767 581 956 638 virent
982 585 1477 659 agresti-stramina
1507 588 1680 646 cultu.

326 663 577 721 Proxima
604 664 899 743 gramineis
924 670 1222 743 operosior
1244 690 1374 727 area
1397 672 1587 744 sertis,

325 752 396 805 Et
421 750 731 826 picturatus
753 752 1038 810 morituris
1063 755 1291 814 floribus
1316 778 1506 835 agger.

324 834 551 892 Tertius
577 857 872 913 assurgens
898 838 1149 896 Arabum
1174 853 1328 899 strue
1353 842 1569 902 tollitur
1592 845 1732 903 ordo

322 923 471 977 ans
499 922 826 999 complexus
850 944 1016 999 opes,
1045 927 1354 1003 incanaque
1382 927 1560 1003 glebis

322 1006 470 1059 Tura
489 1047 505 1076 ‚
535 1019 594 1062 et
621 1007 693 1060 ab
721 1006 949 1081 antiquo
971 1008 1230 1066 durantia
1258 1013 1519 1069 cinnama
1543 1017 1699 1074 Belo.

319 1089 547 1145 Summa
578 1100 812 1166 crepant
836 1109 1004 1170 auro,
1034 1092 1325 1168 Tyrioque
1356 1097 1627 1155 attollitur
1645 1116 1798 1162 ostro

320 1173 493 1230 Molle
518 1174 882 1251 supercilium
912 1194 926 1230 ε
958 1188 1280 1255 teretesque
1305 1179 1438 1237 hinc
1467 1181 1712 1260 undique

540 1279 770 1335 gemmae

292 1344 618 1402 'Irradianh
647 1346 839 1405 Medio
865 1347 1041 1406 Linus
1064 1349 1405 1408 intertextus
1430 1358 1706 1431 acantho,

314 1431 653 1507 Letiferique
683 1452 865 1489 canes.
891 1433 1051 1515 Opus
1078 1434 1404 1493 admirabile
1427 1458 1653 1517 semper

312 1514 525 1572 Oderat
543 1556 562 1587 ‚
591 1531 760 1593 atque
786 1520 1259 1579 oculosxssectebat
1282 1522 1558 1582 abomine
1582 1541 1777 1590 mater.

314 1602 486 1657 Arma
515 1603 682 1659 etiam
700 1647 719 1673 ,
757 1618 814 1663 et
839 1617 1099 1664 veterum
1131 1610 1365 1666 exuvias
1392 1610 1708 1674 circumdat

527 1709 781 1748 avorum.

311 1770 505 1830 Gloria
530 1777 702 1833 mixta
727 1777 889 1836 malis
907 1821 923 1849 ‚
955 1778 1283 1858 afflictaeque
1308 1778 1550 1842 ambitus
1570 1783 1736 1859 aulae,

312 1859 434 1917 Ceu
456 1863 670 1938 grande
697 1865 981 1940 exsequiis
1007 1886 1146 1922 onus
1166 1908 1182 1935 ,
1212 1878 1381 1942 atque
1406 1869 1681 1928 immensa

534 1948 791 2006 ferantur

306 2033 568 2090 Membra
604 2035 767 2093 toro!
805 2035 908 2096 sed
942 2056 1098 2095 cassa
1133 2048 1324 2094 tamen
1351 2038 1668 2119 sterilisque

528 2117 788 2182 dolentes
1030 2149 1035 2161 ·
1575 2162 1602 2185 ο

303 2207 466 2260 Fama
484 2206 640 2279 juvat
657 2252 677 2277 ,
693 2210 970 2288 parvique
990 2223 1267 2288 augentur
1282 2214 1479 2272 funere
1498 2235 1709 2276 manes.

301 2288 445 2346 Inde
485 2292 691 2367 ingens,
713 2294 973 2372 lacrymis
1010 2296 1231 2372 honor,
1270 2314 1328 2358 et
1364 2301 1684 2361 miseranda

523 2377 821 2454 volupta5‚
1297 2436 1298 2441 ,
1587 2416 1594 2417 ff

301 2462 659 2533 Muneraque
684 2462 744 2516 in
770 2465 992 2521 cineres
1017 2468 1174 2522 annis
1196 2469 1453 2545 graviora
1476 2474 1751 2534 feruntur.

307 2542 566 2618 Namque
600 2543 682 2597 illi
717 2558 772 2600 et
802 2547 1098 2622 pharetras
1117 2591 1135 2619 ‚
1170 2553 1530 2630 brevioraque
1554 2557 1670 2613 tela

528 2633 745 2690 dicarat

300 2718 552 2781 Festinus
576 2721 694 2779 voti
720 2734 914 2797 pater,
946 2721 1310 2801 insontesque
1336 2729 1583 2805 sagittas.

298 2805 336 2860 J
338 2825 424 2860 am
452 2818 584 2863 tunc
620 2821 676 2864 et
701 2821 836 2864 nota
865 2808 1095 2866 stabulis
1120 2809 1192 2867 de
1221 2823 1388 2889 gente
1407 2813 1680 2890 probatos
1767 2884 1769 2891 y

298 2893 369 2947 In
394 2912 600 2949 nomen
628 2894 896 2970 pascebat
930 2915 1137 2972 equos3
1160 2897 1801 2980 cinctusquefsonantes,
1827 2896 1832 2907 ’

296 2979 584 3052 Armaque
613 2981 852 3056 majores
885 2983 1281 3058 exspectatura
1309 2985 1571 3044 lacertos.

294 3062 432 3139 Spes
457 3064 657 3123 avidae!
687 3087 828 3144 quas
851 3087 970 3126 non
995 3069 1068 3150 ‚in
1090 3089 1299 3135 nomen
1324 3071 1555 3135 credula
1579 3090 1766 3142 vestes
