2079 3613
644 267 738 322 161
834 265 1254 327 sYLvARuM,
1306 267 1557 338 1211351.
1670 256 1856 337 ⁶»447

365 359 528 416 Tunc
555 359 736 436 ipsam
762 358 879 415 solo
908 358 1183 415 reclinem
1206 359 1373 415 effata
1392 358 1561 415 cubili
1590 378 1604 415 :

306 447 340 506 ,⁴
369 464 398 493 α
418 447 676 517 Quonam
693 442 789 500 hic
815 460 994 520 usque
1012 442 1203 519 pudor
1220 440 1249 498 ἐ’
1270 442 1541 519 vacuique
1569 441 1841 499 modestia

581 527 715 584 lecti
746 568 763 598 ‚

363 647 392 675 «
414 623 466 681 Ο
490 625 664 695 mihi,
686 631 996 682 Laurentes
1011 619 1163 682 inter
1184 622 1392 682 dilecta
1416 624 1632 702 puellas
1646 631 1670 679 ἒ
1768 638 1777 647 ·

362 732 396 758 α
412 708 548 780 Quis
571 728 827 781 morum·‚
850 709 1099 785 fideique
1126 707 1324 767 modus
1341 711 1370 764 ἰ’
1395 729 1752 785 nunquamne

471 860 479 867 ⁶
522 866 529 869 μ
577 793 729 851 virili

361 914 389 943 u
423 889 763 947 Subm'ittere
785 890 967 966 jugo?
989 892 1182 949 veniet
1198 892 1311 966 jam
1329 889 1538 948 tristior
1563 904 1731 947 aetas:

363 999 392 1026 «
409 977 618 1030 Exerce
640 977 874 1031 formam
893 1016 910 1043 ,
940 987 997 1051 et
1015 976 1354 1050 fugientibus
1369 989 1530 1031 utere
1549 974 1726 1031 donis,

362 1082 392 1111 «
415 1058 546 1114 Non
559 1058 689 1114 ideo
705 1057 807 1114 tibi
828 1059 939 1114 tale
960 1060 1137 1115 decus
1154 1099 1170 1128 ,
1199 1059 1495 1133 vultusque
1517 1059 1787 1136 superbos
1803 1099 1820 1129 ‚

362 1164 391 1193 α
413 1142 618 1221 Meque
644 1140 796 1212 dedi,
818 1141 1017 1200 viduos
1044 1155 1107 1200 ut
1130 1143 1503 1199 transmittare
1528 1163 1635 1219 per
1660 1162 1860 1214 annm,

365 1247 392 1276 α
419 1224 544 1282 Ceu
560 1245 673 1281 non
692 1245 820 1282 cara
841 1225 977 1282 mihi
997 1227 1162 1284 :satis
1180 1267 1197 1297 ‚
1227 1245 1262 1281 o
1280 1268 1298 1297 .,
1321 1225 1670 1302 nimiumque
1692 1265 1708 1295 ‚

569 1311 793 1387 priores

356 1428 384 1458 α
408 1407 744 1484 Despexisse
769 1428 997 1486 procos·
1017 1412 1097 1467 At
1121 1409 1274 1467 enim
1295 1407 1389 1464 hie
1410 1407 1511 1463 tibi
1537 1407 1806 1485 sanguine

575 1509 697 1554 ῑΟῑΟ

358 1619 391 1645 «ι
409 1592 646 1652 Deditus
664 1637 682 1666 .,
713 1615 880 1650 unam
893 1613 1088 1651 omnes
1106 1593 1255 1647 inter
1274 1592 1508 1648 miratur
1522 1636 1537 1662 ‚
1563 1607 1852 1667 amatque,

360 1706 388 1734 «
410 1682 532 1738 Nec
557 1684 748 1739 formae
766 1723 784 1752 ‚
805 1702 910 1739 nec
935 1678 1125 1755 stirpis
1150 1699 1319 1754 egens
1347 1696 1362 1732 ε
1387 1699 1517 1735 nam
1545 1679 1712 1737 docta
1754 1697 1857 1755 per

566 1765 764 1826 urbem

354 1872 383 1902 α
409 1850 667 1907 Carmina
682 1892 698 1920 .,
722 1850 817 1927 qui
844 1851 1077 1925 juvenes
1099 1892 1116 1922 .,
1140 1870 1263 1926 quae
1287 1870 1403 1906 non
1430 1848 1681 1907 didicere

571 1934 773 2014 puellae
798 1933 827 1991 ἐ’

354 2055 383 2084 «
400 2031 566 2089 Hunc
590 2043 644 2087 et
663 2025 914 2088 bissenos
934 2028 1049 2110 (sic
1067 2031 1414 2110 indulgentia
1439 2046 1642 2110 pergat

355 2141 384 2169 α
406 2117 658 2185 Praesidis
676 2117 909 2175 Ausonii
934 2116 984 2199 !)
1001 2140 1201 2178 cernes
1218 2117 1472 2176 attollere
1485 2119 1665 2175 fasces

354 2223 383 2253 α
402 2203 554 2259 Ante
574 2202 725 2259 diem
747 2220 761 2257 :
782 2217 934 2260 certe
951 2205 1064 2279 jam
1089 2226 1243 2262 nunc
1270 2202 1532 2282 Cybeleia
1556 2204 1717 2261 novit

354 2308 383 2338 α
404 2287 649 2355 Limina,
680 2299 739 2343 et
753 2288 1014 2345 Euboicae
1026 2309 1252 2346 carmen
1261 2288 1398 2367 legit
1413 2288 1505 2345 ille
1526 2287 1763 2367 sybillae.

351 2392 380 2422 α
405 2371 644 2446 Jamque
665 2390 875 2447 parens
898 2372 1097 2427 Latius
1119 2371 1310 2450 (eujus
1329 2393 1680 2451 praenoscere

562 2465 808 2509 mentem

349 2570 377 2599 α
400 2549 510 2605 Fas
533 2547 731 2690 ῐιὲίίιίῃ)1
744 2570 1063 2628 purpureos
1083 2550 1307 2609 habitus
1327 2591 1343 2621 ,
1371 2552 1675 2629 juvenique

600 2653 669 2690 ur
729 2654 760 2690 e

352 2756 380 2783 α
402 2729 728 2806 Indulgebit
745 2731 889 2789 ebur
919 2748 932 2787 t
955 2735 1140 2789 Dacas
1168 2730 1330 2812 (quae
1346 2731 1520 2809 gloria
1537 2733 1761 2809 major?
1784 2735 1804 2815 )

351 2840 381 2868 «
400 2815 670 2887 ExuviaS‚
688 2817 988 2895 laurosque
1008 2817 1164 2876 dabit
1186 2819 1463 2877 celebrare
1485 2833 1767 2880 recentes.
1803 2889 1806 2892 .
1921 2829 1974 2858 ³·

351 2921 380 2949 κ
402 2900 548 2976 Ergo
565 2920 667 2977 age
681 2944 697 2972 ‚
714 2904 882 2977 junge
898 2916 1076 2976 toros,
1092 2919 1270 2982 ‘atque
1298 2906 1412 2974 otia
1432 2904 1590 2964 deme

568 2988 826 3060 juventae.
