2079 3613
461 295 563 367 7²1
707 286 1149 350 rnnmmos,
1202 290 1344 343 ΜΒ.
1399 288 1505 337 w.
1698 301 1820 360 109

317 387 516 444 Ludus
533 429 549 457 ‚
579 399 633 443 et
653 398 773 442 atra
792 406 1010 460 sacrum
1032 383 1226 440 recolit
1250 384 1493 440 trieteris
1511 385 1819 462 Ophelten.

391 476 553 546 Erga,
581 491 685 527 nec
705 470 967 526 ardentes
987 468 1224 545 clypeos
1243 483 1490 538 vectare,
1512 491 1616 525 nec
1637 486 1821 528 arctos

314 556 627 613 Thoracum
652 575 827 611 nexus
856 556 1110 633 (tantum
1135 555 1504 632 sitiysssrhorrida
1533 568 1751 631 torquet
1774 557 1817 633 !)

313 642 621 697 Sufficiunt.
649 645 775 695 Non
800 651 896 696 ora
926 640 1093 694 modo
1113 684 1129 710 ‚
1159 639 1520 717 angustisque
1545 641 1762 715 perusti

307 726 586 784 Faucibus
605 769 621 797 ‚
653 726 882 782 inte-*or
911 727 1013 782 sed
1036 727 1122 782 vis
1144 727 1325 801 quatit
1354 748 1365 780 ε
1392 746 1591 802 aspera
1619 725 1783 803 pulsu

243 861 247 866 .
307 810 493 866 Corda
516 831 530 865 ε
554 809 741 887 gelant
764 830 945 880 venae,
971 822 1027 865 et
1050 809 1211 866 siccis
1232 830 1399 866 cruor
1419 830 1560 885 aeger
1578 810 1821 867 adhaeret

304 895 651 952 Visceribus.
671 898 835 949 Tunc
852 894 968 948 sole
986 894 1169 969 putris
1186 936 1202 964 ‚
1228 907 1362 949 tunc
1379 897 1620 970 pulvere
1649 895 1815 955 tellus

309 978 548 1038 Exhalat
577 978 815 1035 calidam
839 978 1078 1034 nubem.
1108 981 1238 1036 Non
1261 999 1523 1054 spumeus
1545 982 1725 1039 imber

303 1065 502 1120 Manat
528 1082 733 1137 equum
757 1080 771 1114 z
805 1061 963 1115 siccis
989 1062 1214 1117 illidunt
1235 1084 1332 1118 ora
1353 1065 1561 1138 lupatis
1578 1104 1596 1135 ,

302 1146 422 1216 Ora
450 1157 737 1201 catenatas
763 1144 962 1219 procul
989 1146 1323 1201 exsertantia
1349 1145 1595 1222 linguas;

301 1229 424 1287 Nec
445 1228 627 1303 legem
653 1228 977 1285 dominosve
1005 1229 1160 1304 pati,
1189 1230 1289 1286 sed
1314 1234 1551 1308 perfurit
1578 1235 1729 1293 arvis

301 1319 341 1372 F
348 1317 667 1371 lemmatum
694 1335 885 1391 pecus·
916 1317 1045 1372 Huc
1066 1314 1197 1371 illuc
1219 1315 1460 1393 impellit
1483 1319 1763 1378 Adrastus

308 1400 709 1475 Exploratores
727 1442 743 1471 ‚
776 1401 820 1456 si
846 1412 1042 1474 stagna
1068 1397 1358 1477 Lycimnia
1386 1416 1628 1475 restent,

316 1485 372 1540 Si
394 1487 519 1560 quis
539 1489 889 1561 Amymomes
922 1499 1179 1562 superest
1201 1487 1407 1564 liquor.
1430 1489 1636 1546 Omnia
1659 1492 1815 1550 caecis

315 1573 545 1648 Ignibus
570 1572 770 1629 hausta
796 1573 1025 1647 sedent;
1052 1594 1155 1631 nec
1180 1595 1310 1652 spes
1335 1576 1617 1634 humentis

446 1657 680 1733 Olympi
703 1678 722 1711 :.

311 1738 655 1795 Ceussavam
684 1742 903 1818 Libyen
928 1744 1261 1824 desertaque
1288 1748 1536 1825 pulveris
1556 1750 1690 1808 Afri.

313 1821 690 1891 collustrent,
719 1825 988 1900 nullaque
1013 1831 1328 1887 umbratam
1353 1833 1502 1890 nube
1522 1838 1763 1907 Syenen.

312 1911 567 1981 Tandem
590 1914 736 1969 inter
763 1915 930 1971 silvas
955 1920 1067 1993 (sic
1087 1922 1257 1975 Evius
1275 1923 1392 1997 ipse
1417 1925 1694 2002 parabat),

297 2010 601 2079 Errantes.,
634 2009 874 2065 subitam
896 2010 1137 2087 „pulchro
1164 2014 1222 2069 in
1247 2034 1486 2073 moerore
1514 2030 1752 2077 tuentur·

311 2099 698 2178 Hypsipylen.
729 2100 820 2157 Illi
847 2101 1177 2182 quamviset
1200 2105 1269 2161 ab
1291 2105 1462 2164 ubere
1484 2109 1755 2185 Opheltes

304 2195 436 2252 Non
462 2215 591 2251 suus
607 2237 623 2265 ‚
655 2196 876 2252 Inachii
902 2197 1091 2273 proles
1118 2200 1359 2258 infausta
1378 2195 1657 2282 L‘ycurgi',

306 2287 614 2365 Dependet
635 2330 650 2360 .,
680 2282 939 2367 neglecta
968 2313 1182 2349 comam
1202 2336 1217 2360 ,
1245 2315 1349 2352 nec
1378 2297 1533 2356 dives
1561 2301 1770 2358 amictu
1790 2345 1808 2379 t

309 2374 538 2456 Regal‘es
563 2394 749 2437 tamen
774 2403 867 2438 ore
890 2388 1036 2467 notat}
1054 2426 1069 2454 ‚
1099 2408 1203 2442 nec
1228 2408 1436 2445 mersus
1461 2394 1677 2450 acerbis

216 2504 226 2514 ·
310 2474 732 2610 Exstatdhonos.
762 2478 923 2532 Tunc
949 2478 1069 2553 haec
1095 2479 1236 2537 adeo
1261 2486 1607 2561 stupefactus

446 2559 498 2612 A
550 2570 757 2613 rastus:
932 2560 937 2564 ’
1002 2568 1007 2573 ’

383 2674 417 2702 υ
441 2650 584 2706 Diva
610 2662 816 2725 potens
840 2671 1132 2710 nemorum
1162 2656 1321 2735 (nam
1343 2672 1397 2716 te
1422 2661 1719 2738 vultusque
1793 2732 1800 2739 ἡ

450 2734 753 2812 pudorque

292 2852 338 2897 ,ιι
360 2827 585 2884 Mortali
608 2828 680 2883 de
708 2828 879 2906 stirpe
912 2830 1180 2912 negant),
1201 2854 1329 2910 qua)
1354 2833 1475 2892 laeta
1497 2837 1600 2893 sub
1625 2837 1742 2899 isto

306 2941 338 2972 κ
358 2920 497 2997 Igne
511 2920 631 2998 poli
643 2941 757 2979 non
775 2924 971 2998 quaeris
985 2947 1173 3007 aquam,
1187 2947 1448 2986 succurre
1469 2933 1814 3013 propinquis>

300 3035 331 3067 κ
350 3013 630 3076 Gentibus
655 3034 668 3072 ε
697 3012 1011 3080 arcitenens
1035 3040 1135 3082 seu
1155 3034 1210 3082 te
1233 3023 1470 3084 Latonia
1496 3038 1650 3105 easta
