2079 3613
475 301 576 350 250
670 299 1097 361 ΤιιΕΒΑιυοε,
1152 301 1294 347 mn.
1347 300 1488 355 xu.
1631 282 1758 371 857

270 386 543 447 Audierat
562 392 870 465 miseranda
889 394 1022 460 viri;
1053 394 1152 450 sed
1175 406 1374 449 cuncta
1393 396 1596 468 jacenti

266 471 472 530 Inleiix
500 475 734 551 ignoscit
763 497 937 534 amor.
968 481 1100 534 Post
1121 498 1312 554 aspera
1330 478 1453 534 visu
1474 520 1490 548 ‚

268 558 356 610 Ac
383 557 629 617 deflenda
656 577 840 619 tamen
863 562 1071 636 ,digno
1097 563 1365 639 plangore
1385 567 1596 619 Nealce

267 639 720 718 Hippomedonta
735 645 909 702 ciens.
929 647 1089 705 Vatis
1105 666 1235 702 mox
1250 646 1420 723 impia
1440 649 1648 724 conjux
1670 689 1687 719 ,

266 724 397 782 Heu
427 733 667 788 Ivacuos
693 730 945 806 positura
969 750 1148 806 rogos.
1175 733 1468 789 Postrema

486 830 814 891 gementum

264 898 495 971 Agmina
516 901 780 957 Maenaliae
808 901 963 956 ducit
988 919 1177 958 comes
1195 900 1335 958 orba
1360 904 1552 959 Dianae
1577 945 1593 974 ‚

263 985 332 1036 Et
356 985 541 1083 gravis
563 984 792 1040 Evadne
822 983 1013 1040 :dolet
1029 984 1150 1040 haec
1164 1026 1181 1054 ‚
1201 985 1568 1062 queriturque

483 1067 705 1124 labores

269 1149 517 1207 Audacis
535 1151 735 1227 pueri:
757 1149 1035 1239 magni
967 1170 1183 1206 memor
1208 1150 1299 1206 illa
1326 1152 1513 1209 mariti

266 1236 321 1289 It
344 1248 562 1295 torvum
591 1238 931 1317 lacrymam,
958 1218 1296 1312 summisque
1317 1237 1579 1327 nascitur

494 1336 607 1378 asti
610 1324 675 1379 is.

340 1405 471 1461 Illas
492 1428 521 1463 e
548 1406 686 1464 lucis
704 1410 916 1464 Hecate
936 1407 1226 1484 speculata
1247 1407 1465 1482 Lycaeis
1488 1451 1504 1480 ‚

266 1490 625 1567 Prosequitur
646 1493 885 1569 gemitu3
908 1494 1230 1569 duplexque
1257 1492 1328 1547 ad
1356 1493 1506 1552 littus
1531 1510 1729 1555 euntes

266 1570 485 1632 Planxit
498 1576 568 1631 ab
589 1578 892 1634 Isthmiaco
918 1577 1160 1654 genitrix
1185 1575 1454 1633 Thebana
1472 1581 1726 1657 sepulcro
1745 1602 1762 1655 ;

204 1710 212 1721 .
269 1660 320 1715 N
325 1661 754 1742 octivagumque
775 1682 1002 1741 gregem
1017 1703 1035 1734 ,
1052 1662 1305 1738 quamvis
1325 1663 1431 1720 sibi
1446 1664 1601 1744 luget

492 1747 712 1803 Eleusis
739 1788 758 1818 ‚

268 1832 493 1902 Flevit,
521 1846 578 1889 et
603 1852 834 1889 arcanos
854 1832 1169 1889 errantibus
1192 1833 1391 1890 extulit
1410 1836 1585 1912 ignes.

267 1919 398 1993 Ipsa
417 1919 523 1995 per
551 1939 775 1976 aversos
794 1917 953 1974 ducit
977 1917 1240 1975 Saturnia
1261 1917 1431 1976 colles
1452 1960 1471 1990 ‚

266 2005 647 2083 occultasque
664 2007 782 2063 vias
803 2047 819 2076 ‚
850 2025 922 2060 ne
939 2003 1101 2080 plebs
1118 2023 1417 2080 congressa
1443 2026 1672 2064 suorum

268 2092 357 2148 Ire
372 2106 526 2150 vetet
544 2137 558 2162 ‚
580 2106 889 2171 pereatque
913 2092 1159 2166 ingentis
1186 2090 1361 2166 gloria
1379 2095 1569 2169 coepti.

268 2181 381 2232 Nec
402 2197 517 2232 non
544 2180 736 2235 functa
758 2181 966 2235 ducum
984 2176 1284 2235 refovendi
1306 2197 1543 2254 corpora
1571 2200 1762 2240 curam

269 2264 375 2319 Iris
394 2263 564 2320 habet
579 2307 594 2333 ,
617 2279 922 2342 putresque
945 2262 1161 2321 arcanis
1176 2263 1395 2320 roribus
1410 2279 1563 2323 artus

266 2347 683 2423 Ambrosiaeque
699 2352 839 2423 rigat
854 2350 1035 2406 succis
1050 2393 1064 2415 ‚
1087 2363 1148 2403 ut
1167 2350 1387 2424 longius
1399 2350 1623 2410 obstent
1641 2396 1658 2422 ‚

266 2434 725 2505 Exspectentque
749 2452 911 2507 rogos
930 2472 947 2502 ,
969 2432 1219 2487 flammas
1238 2451 1380 2488 neve
1403 2445 1533 2489 ante

490 2515 771 2571 fatiscant.

341 2598 636 2677 Squalidus
657 2620 788 2657 eece
810 2619 1006 2675 gemm,
1037 2614 1093 2655 et
1121 2600 1299 2656 hianti
1320 2603 1556 2658 vulnere

486 2686 707 2763 pallens

267 2775 524 2845 Ornitus‚
557 2774 689 2846 (hic
706 2775 857 2830 socio
884 2774 1138 2830 desertus
1158 2770 1228 2827 ab
1250 2773 1499 2848 agmine,
1528 2774 1716 2834 tardat

266 2864 428 2936 Plaga
450 2858 677 2938 iecens)
701 2859 939 2916 timidus
947 2878 1069 2914 sect
1072 2870 1159 2913 eta
1180 2877 1282 2931 per
1303 2855 1426 2913 avia
1449 2858 1600 2913 furto

267 2947 466 3002 Debile
483 2946 814 3024 carpit-iter,
835 2948 1136 3018 fractaeque
1159 2943 1418 2998 innititur
1433 2942 1623 3001 hastae.

176 3069 179 3072 -
266 3034 431 3106 Isque
450 3030 544 3088 ubi
563 3045 713 3089 mota
729 3051 877 3091 novo
896 3029 1111 3106 stupuit
1130 3031 1253 3087 loca
1276 3028 1396 3086 sola
1413 3032 1653 3089 tumultu
1673 3077 1686 3105 ,
