2079 3613
489 292 600 366 575
734 287 1174 355 THEBAIDOS‚
1227 291 1368 340 Lm.
1421 296 1496 343 v.
1690 284 1804 357 141

320 417 350 447 κ
373 392 573 469 Stirpis
595 406 732 446 avus
754 388 765 443 !
788 386 1107 446 Tumidone
1128 407 1326 464 parum
1343 429 1359 459 ‚
1387 387 1542 464 quod
1561 392 1819 465 gentibus

543 487 682 530 actls

317 585 347 613 «
371 560 635 635 Undique
664 559 727 612 in
763 576 915 613 arma
947 556 1062 613 ruis
1087 599 1104 628 ‚
1140 556 1284 614 inter
1321 556 1518 634 rapida
1548 559 1764 632 agmina

533 665 735 722 pacem
1793 641 1800 644 ι

315 752 346 781 α
369 730 529 786 Solus
552 727 766 786 habes?
788 729 1139 803 habeasque,
1167 741 1221 784 et
1242 741 1297 784 te
1324 727 1561 786 victoria
1584 727 1819 784 Graium

317 836 345 867 «
368 815 626 871 Inveniat
663 812 889 871 tumulis
928 815 1234 870 etiamnum
1265 813 1385 871 haec
1425 817 1542 873 sata

531 912 866 974 gementem.
892 922 926 950 υ

381 984 642 1054 Dixerat3
673 998 729 1038 et
750 983 980 1039 tandem
1004 996 1302 1041 cunctante
1333 984 1641 1040 modestior
1662 983 1774 1054 ira,

311 1065 415 1124 Ille
442 1069 640 1122 refert:
666 1091 691 1118 «
708 1067 984 1139 Equidem
1008 1083 1126 1119 non
1145 1086 1244 1121 vos
1272 1067 1343 1121 ad
1368 1066 1567 1123 moenia
1589 1066 1817 1123 Thebes

313 1174 349 1201 «ι
369 1151 562 1206 Rebar
577 1191 592 1220 ‚
617 1161 673 1205 et
690 1145 922 1203 hostiles
942 1145 1054 1202 huc
1079 1146 1369 1206 advenisse
1392 1161 1664 1207 catervas,

312 1259 344 1289 α
366 1237 585 1312 Pergite
614 1235 672 1290 in
694 1233 974 1290 excidium
995 1232 1133 1287 socii
1158 1231 1242 1309 (si
1262 1245 1416 1289 tanta
1443 1233 1736 1310 voluptas)

310 1345 341 1375 «
364 1322 684 1398 SanguiniS,
703 1319 934 1377 imbuite
952 1339 1106 1375 arma
1126 1318 1311 1391 domi,
1332 1332 1500 1395 atque
1515 1317 1634 1377 haec
1654 1321 1815 1378 irrita

537 1406 753 1464 dudum

314 1517 344 1548 «
364 1493 601 1570 Templa
626 1495 662 1549 J
666 1493 783 1551 ovis
807 1491 977 1568 (quid
999 1490 1321 1549 enimhaud
1340 1490 1561 1548 licitum
1578 1488 1641 1570 ?)
1667 1491 1816 1551 ferat

534 1581 738 1656 impius
767 1580 908 1656 ignis
929 1620 945 1649 ,

313 1689 342 1719 «
368 1666 424 1722 Si
452 1665 611 1722 vilem
628 1709 644 1736 7
668 1666 808 1721 tanti
834 1677 1161 1743 premerent
1184 1684 1311 1722 cum
1333 1674 1563 1741 pectora
1579 1661 1772 1719 *luctus
1791 1693 1817 1733 3

312 1774 340 1805 «
362 1753 429 1808 In
451 1751 714 1810 famulam
742 1752 901 1811 haud
926 1754 1013 1828 jus
1039 1772 1158 1813 esse
1184 1765 1366 1813 ratum
1385 1792 1402 1822 ,
1435 1745 1775 1826 dominoque
1789 1771 1820 1825 ,f

533 1836 798 1908 ducique.
1649 1850 1658 1863 *-

312 1945 341 1976 «
363 1921 472 1978 Sed
494 1920 650 1979 videt
674 1916 813 1984 hoc,
839 1912 998 1971 videt
1021 1912 1117 1970 ille
1141 1914 1328 1970 Deum
1352 1924 1650 1989 regnator3
1678 1928 1736 1972 et

531 2003 675 2059 ausis

316 2115 343 2145 α
367 2093 504 2148 Sera
522 2090 748 2166 quidem
765 2131 780 2159 ,
808 2100 999 2144 manet
1024 2086 1108 2144 ira
1131 2099 1338 2145 tamen.
1363 2109 1394 2136 »
1422 2084 1515 2143 Sic
1539 2085 1687 2144 satus
1705 2124 1722 2156 ‚
1753 2097 1810 2141 et

528 2195 687 2232 arces

310 2262 586 2340 Respicit,
612 2250 781 2335 atque
808 2260 920 2315 illic
947 2259 1056 2315 alio
1082 2258 1383 2315 certamine
1409 2254 1540 2311 belli

108 2372 115 2379 ⁴
204 2415 212 2422 ¹
306 2351 482 2404 Tecta
507 2349 772 2402 fremunt.
802 2344 1078 2404 Volucres
1102 2344 1350 2418 equitum
1375 2348 1735 2416 praeverterat
1783 2404 1788 2408 .

529 2429 644 2485 alas

308 2517 484 2572 Fama
510 2532 730 2578 recens,
760 2513 1005 2584 geminos
1025 2512 1123 2566 alis
1146 2511 1438 2586 complexa
1465 2507 1753 2571 tumultus-

310 2601 405 2657 Illi
427 2597 500 2656 ad
525 2598 635 2654 sata
667 2595 790 2669 rapi
812 2637 827 2661 ‚
858 2608 1018 2667 atque
1044 2595 1122 2648 illi
1147 2598 1258 2667 jam
1284 2594 1622 2650 occumbere
1652 2596 1767 2646 leto
1786 2631 1803 2661 ‚

311 2688 403 2745 Sic
432 2684 685 2742 meritam
718 2677 1081 2757 Hypsipylen
1112 2677 1322 2738 >iterant
1357 2694 1370 2730 ε
1413 2675 1756 2749 creduntque
1787 2715 1804 2745 ,

533 2790 643 2826 nec
675 2770 769 2825 irae

313 2859 405 2914 Fit
428 2876 599 2912 mora.
630 2858 862 2928 Jamque
882 2849 1035 2905 saces
1061 2858 1118 2904 et
1140 2844 1252 2904 tela
1271 2841 1565 2921 penatibus
1585 2841 1808 2900 instanti

312 2944 551 3006 Vertere
585 2960 755 3016 regna
794 2939 1067 3006 fremunt,
1104 2943 1439 3010 raptumque
1475 2928 1691 2986 auferre

526 3028 847 3104 Lycurgum
865 3063 883 3095 ,
