2079 3613
490 278 590 325 1'11
773 265 1233 332 TREBA1D05‚
1283 271 1423 320 Lm.
1475 273 1530 321 1.
1806 288 1840 345 7

308 368 561 443 Atropos
579 363 717 435 1105,
736 374 908 440 atque
933 362 1052 441 ipsa
1075 376 1250 422 novat
1263 365 1598 442 Proserpina
1625 365 1832 427 cultus.

306 455 464 509 Tum
494 452 750 528 geminas
776 450 958 527 quatit
983 448 1078 508 illa
1102 471 1340 509 manus:
1366 451 1484 511 hoec
1508 454 1637 530 igne
1660 455 1842 532 rogali

301 537 623 615 Fulgurat;
649 538 772 595 haec
794 537 926 595 vivo
956 556 1157 596 manus
1183 545 1315 595 acra
1340 537 1602 597 verberat
1623 540 1834 618 hydro.

385 630 472 684 Ut
494 627 687 697 stetit,
708 625 950 698 abrupta
969 645 1078 702 qna
1101 624 1373 703 plurimus
1401 645 1533 682 arce
1553 627 1840 705 Cytheron

310 709 590 768 Occurrit
615 708 792 782 caele,
829 712 949 767 sera
980 711 1144 770 sibila
1165 710 1326 768 crine
1361 710 1573 769 virenti

309 796 698 872 Congeminat
713 838 729 866 ,
758 795 975 873 signum
998 797 1194 868 terris,
1217 798 1373 855 unde
1401 795 1586 853 omnis
1610 796 1800 854 Achai

306 879 429 938 Ora
454 882 630 939 maris
653 881 766 938 late
782 924 798 953 ‚
825 881 1205 961 Pelopeiaque
1229 903 1400 960 regna
1425 882 1725 942 resultant.

304 965 511 1024 Audiit
537 980 599 1025 et
620 969 844 1026 medius
875 968 1002 1027 coeli
1027 971 1358 1039 Parnassus,
1383 982 1449 1026 et
1475 988 1642 1046 asper

301 1055 581 1124 Eurotas;
607 1052 951 1130 dubiamque
977 1058 1111 1131 jugo
1129 1059 1323 1132 fragor
1351 1054 1577 1131 impulit
1603 1053 1800 1113 OEten

302 1142 364 1195 ln
381 1137 532 1194 latus
549 1179 568 1209 ,
588 1151 649 1195 ct
669 1140 905 1215 geminis
924 1139 1018 1198 vix
1036 1139 1297 1197 fluctibus
1307 1140 1539 1197 obstitit
1565 1140 1838 1210 IsthmoS,

303 1222 442 1298 Ipsa
468 1240 634 1280 suum
657 1223 930 1298 genitrix,
959 1244 1136 1283 curvo
1164 1224 1442 1301 delphine
1468 1236 1773 1303 vagantem

301 1309 572 1387 Arripuit
593 1311 795 1380 frenis,
823 1314 1150 1388 gremioque
1173 1312 1484 1369 Palaemona
1509 1311 1738 1389 pressit.

302 1395 485 1469 Atque
511 1414 581 1451 ea
601 1394 866 1452 Cadmaeo
893 1417 1146 1476 preceps
1168 1397 1268 1454 ubi
1287 1396 1526 1454 culmine
1549 1398 1798 1474 primum

304 1480 618 1550 Constitit,
654 1496 986 1561 assuetaque
1009 1483 1204 1542 infecit
1232 1484 1386 1540 nube
1416 1496 1656 1561 penates
1679 1502 1694 1538 z

301 1567 566 1626 Protinus
595 1571 822 1626 attoniti
850 1572 1088 1628 fratrum
1116 1569 1220 1627 sub
1251 1583 1487 1647 pectore
1519 1583 1708 1631 motus
1727 1613 1747 1639 ‚

296 1654 664 1733 Gentilisque
691 1657 906 1714 animos
931 1657 1104 1715 subiit
1125 1655 1284 1713 fin-or
1299 1675 1318 1728 ;
1335 1675 1599 1734 aegnque
1626 1655 1770 1714 laetis

302 1742 528 1799 Invidia
543 1784 560 1814 ‚
584 1754 758 1821 atque
783 1762 989 1822 parens
1009 1744 1127 1800 odii
1149 1755 1352 1801 metus,
1383 1741 1527 1800 Inde
1548 1741 1785 1822 regendi

309 1829 488 1886 Saevus
510 1847 677 1885 amor
694 1870 712 1898 ‚
739 1841 1035 1906 ruptaque
1058 1831 1214 1888 vices
1231 1873 1247 1900 ‚
1275 1829 1524 1905 jurisque
1549 1828 1788 1887 secundi

305 1914 569 1971 Ambitus
594 1914 899 1990 impatiens
915 1956 933 1984 ,
961 1927 1016 1970 et
1035 1932 1253 1971 summo
1274 1914 1493 1969 dulcius
1516 1932 1695 1973 unum

300 2001 455 2058 Stare
481 2005 642 2068 loco,
666 1998 919 2076 sociique
947 2018 1136 2056 comes
1154 1997 1454 2056 Discordia
1475 1998 1662 2077 regni.

298 2086 389 2145 Sic
414 2086 517 2143 ubi
535 2083 788 2142 delectos
806 2105 908 2162 per
924 2098 1087 2145 torva
1107 2097 1356 2143 armenta
1381 2087 1654 2162 juvencos

305 2172 563 2249 Agricola
588 2171 859 2247 imposito
875 2170 1092 2228 sociare
1122 2171 1354 2229 affectat
1377 2180 1601 2227 aratro:

300 2256 391 2313 lui
416 2254 816 2333 indignantes,
850 2256 980 2332 quis
1007 2256 1262 2313 nondum
1285 2274 1519 2314 vomere
1546 2254 1721 2314 multo

271 2383 284 2396 .
304 2346 495 2401 Ardua
523 2342 773 2401 nodosos
798 2343 989 2399 cervix
1017 2342 1308 2401 descendit
1334 2343 1397 2399 in
1421 2361 1633 2412 armos,

305 2436 375 2489 In
398 2435 618 2490 diversa
643 2432 907 2501 trahunt,
933 2445 1107 2509 atque
1133 2433 1307 2510 aequis
1331 2430 1556 2490 vincula
1580 2432 1778 2490 laxant

304 2518 557 2588 ViribuS,
580 2532 636 2577 et
660 2517 820 2576 vario
850 2518 1204 2576 confundunt
1229 2517 1407 2576 limite
1438 2517 1639 2575 sulcos,

299 2604 461 2661 Haud
493 2623 649 2661 secus
674 2602 983 2660 indomitos
1003 2622 1254 2679 praeceps
1279 2602 1580 2659 Discordia
1603 2603 1819 2660 fratres

300 2690 563 2765 Asperat:
599 2687 805 2745 alterni
834 2686 1053 2764 placuit
1085 2687 1190 2743 sub
1219 2686 1433 2762 legibus
1466 2684 1603 2742 anni

301 2774 506 2831 Exsilio
538 2788 755 2832 mutare
792 2775 1014 2832 ducem.
1049 2773 1143 2834 Sic
1170 2775 1295 2851 jure
1324 2772 1567 2850 maligno

298 2861 607 2917 Fortunam
639 2861 880 2919 transire
907 2861 1139 2938 jubent,
1170 2872 1237 2920 ut
1260 2873 1485 2939 sceptra
1515 2872 1810 2919 tenentem

297 2946 524 3005 Foedere
544 2948 829 3025 praecipiti
853 2968 1070 3026 semper
1096 2968 1278 3007 novus
1311 2961 1540 3026 angeret
1572 2947 1766 3006 haereS.

300 3034 589 3093 Haeoeinter
610 3034 811 3095 fratres
833 3034 1013 3112 pietas
1039 3047 1157 3094 erat
1181 3054 1194 3093 ε
1223 3035 1343 3095 hoec
1374 3056 1529 3094 mora
1558 3055 1762 3113 pugnae
