2079 3613
340 225 462 296 1184
649 229 1088 297 ΤΗΕΒΑῙΒΟΞ,
1139 230 1282 282 ΗΒ.
1336 232 1474 284 vn.
1579 233 1683 302 104=

400 334 532 388 Dux
559 348 624 385 ea
647 348 752 404 pro
778 326 995 384 cunctis
1030 346 1045 383 τ
1075 327 1273 384 eadem
1299 327 1403 399 sibj
1437 327 1678 408 quisque

545 415 806 472 vovebat.

400 499 439 554 J
440 518 528 554 am
543 496 1036 575 pronis'Gradivus
1058 498 1217 574 equis
1238 497 1517 574 Ephyraea
1536 497 1831 572 premebat

326 582 539 640 Littera
560 626 586 656 ,,
606 605 718 660 qua
746 603 987 648 summas
1015 595 1186 661 caput
1211 581 1663 639 Acrocorinthus
1688 581 1746 637 in

583 690 746 724 auras

324 751 527 822 Tollit,
553 767 611 809 et
629 752 839 811 alterna
861 753 1142 830 geminum
1162 773 1315 809 mare
1339 753 1581 829 protegit
1601 752 1819 810 umbra.
1847 823 1854 828 Ι

323 838 468 894 Inde
494 857 700 909 unum,
730 838 847 896 dira
877 839 1143 896 comitum
1170 838 1240 895 de
1268 839 1457 914 plebe,
1483 840 1757 896 Pavorem

325 923 745 1002 Quadrupedes
770 926 981 983 anteire
1007 925 1182 998 jubet.
1210 928 1336 980 Non
1363 925 1503 981 alter
1529 924 1758 983 anhelos

323 1008 618 1066 Insinuare
643 1024 853 1083 metus,
885 1011 1244 1088 animumque
1271 1024 1526 1068 avertere
1556 1010 1703 1068 veris

325 1095 551 1170 Aptior.
572 1098 883 1155 Innumerae
906 1109 1158 1171 monstro
1184 1116 1484 1173 vocesque,
1500 1116 1827 1173 manusque,

323 1179 394 1236 Et
417 1182 589 1237 facies
614 1203 959 1258 quaecunque
986 1181 1149 1239 libet.
1177 1186 1366 1239 Bonus
1391 1182 1576 1239 omnia
1602 1181 1758 1240 credi
1789 1218 1793 1222 >

322 1266 542 1323 Auctor
559 1311 575 1334 ‚
604 1281 658 1324 et
686 1269 958 1333 horrificis
978 1268 1273 1346 lymphare
1303 1269 1620 1326 incursibus
1639 1269 1823 1329 urbes.

323 1353 381 1409 Si
408 1354 653 1428 geminos
672 1355 815 1413 soles
831 1397 847 1426 ,
878 1355 1205 1432 ruituraque
1239 1356 1472 1412 suadeat
1496 1370 1643 1412 astra
1663 1399 1680 1427 ‚

322 1442 431 1492 Aut
450 1451 650 1495 nutare
666 1439 842 1497 solum
855 1485 868 1508 ‚
893 1453 988 1497 aut
1007 1455 1230 1498 veteres
1249 1439 1593 1500 descendere
1616 1441 1826 1520 sylvaS,

322 1521 452 1578 Ah!
481 1523 662 1580 miseri
687 1523 887 1583 vidisse
913 1539 1132 1603 putent.
1167 1527 1325 1581 Tune
1353 1546 1484 1584 acre
1509 1527 1753 1585 novabat

319 1606 632 1683 Ingenium.
660 1609 821 1665 Falso
846 1613 1165 1666 Nemeaeum
1190 1609 1426 1685 pulvere
1457 1631 1718 1686 eampum

320 1690 513 1767 Erigit.
540 1693 786 1748 Attoniti
812 1694 1165 1750 tenebrosam
1195 1715 1226 1748 a
1253 1694 1462 1751 vertice
1487 1695 1691 1751 nubem

321 1777 647 1855 Respexere
674 1780 866 1837 duces,
895 1780 1063 1837 Falso
1089 1780 1331 1839 clamore
1357 1779 1659 1839 tumultum

320 1867 529 1941 Auget,
562 1878 618 1921 et
644 1887 794 1922 arma
822 1865 1033 1936 virum,
1065 1878 1368 1943 cursusque
1395 1866 1643 1924 imitatur

538 1972 811 2026 equorum
837 1995 856 2019 ‚

319 2034 766 2112 Terribilemque
795 2054 964 2111 vagas
991 2033 1265 2092 ululatum
1287 2037 1499 2115 spargit
1524 2040 1583 2094 in
1608 2059 1788 2096 auras.

388 2117 704 2176 Exsiluere
709 2120 915 2190 animi,
955 2117 1353 2200 dubiumque
1337 2145 1395 2179 m
1427 2143 1712 2180 murmure

542 2202 745 2279 vulgus

316 2288 569 2346 Pendet:
606 2315 639 2341 a
659 2290 774 2345 Ubi
798 2291 900 2347 iste
927 2291 1159 2369 fragor?
1182 2295 1243 2351 ni
1266 2294 1510 2352 fallimur
1537 2315 1690 2353 aure.
1716 2294 1839 2354 Sed*

524 2375 674 2432 unde

316 2486 344 2515 «
367 2461 634 2518 Pulvereo
665 2475 812 2524 stant
835 2476 980 2519 astra
1010 2464 1177 2539 globo
1191 2464 1218 2523 ’.Ρ
1232 2486 1365 2522 num
1381 2464 1654 2523 Ismenius
1673 2465 1823 2521 ultro

315 2571 344 2601 κ
363 2542 572 2604 Miles?
596 2547 673 2602 ita
701 2560 803 2603 est.
833 2549 1106 2609 Veniunt.
1124 2555 1315 2616 Tanta
1341 2565 1528 2609 autem
1554 2550 1785 2608 audacia

539 2632 751 2691 Thebis
768 2632 795 2691 ?

313 2743 340 2774 α
358 2721 453 2777 An
466 2718 724 2776 dubitent
740 2720 766 2778 ,Ρ
781 2720 1020 2799 agedum
1033 2721 1262 2778 inferias
1277 2735 1329 2778 et
1340 2723 1505 2776 busta
1518 2720 1822 2792 colamusm

379 2807 517 2863 Haec
535 2808 718 2863 Pavor
745 2806 997 2865 attonitis
1020 2825 1033 2860 :
1063 2804 1356 2883 variosque
1384 2826 1489 2883 per
1517 2806 1731 2883 agmina

529 2890 717 2948 vultus

308 2974 599 3036 Induitur:
625 2994 778 3034 nunc
807 2973 987 3034 Pisaeis
1012 2992 1043 3031 e
1069 2972 1311 3034 minibus
1337 2995 1482 3037 unus
1502 3018 1518 3051 ,
