2079 3613
373 327 457 399 44
691 332 1129 407 rufianum,
1182 336 1324 382 Lm.
1378 334 1458 380 11.
1557 330 1666 387 330

378 457 405 485 α
428 435 509 487 Te
526 450 705 509 penes
732 432 983 487 Inachiae
1009 428 1212 495 dotalis
1238 429 1390 504 regia
1421 427 1574 484 dono

375 543 402 571 ιι
424 518 718 595 Conjugis‚
762 528 819 571 et
861 521 1065 569 Danaae
1100 511 1283 588 (quid
1315 512 1463 567 enim
1498 510 1820 567 melioribus

513 604 653 673 actis

367 711 395 740 κ
418 685 796 766 Invideam?)
823 686 1182 765 cumulentur
1208 701 1356 760 opes.
1381 683 1659 741 Felicibus
1685 684 1875 757 Argos

365 795 394 823 «
416 771 730 846 Auspiciis,
773 774 1123 847 Lernamque
1159 786 1321 845 regas
1343 772 1360 822 2
1401 787 1504 823 nos
1546 767 1780 825 horrida

515 855 714 911 Dirces
1371 902 1388 921 ,

371 964 400 993 κ
421 941 631 996 Pascua
651 981 667 1010 ,
700 952 755 995 et
775 938 1042 995 Euboicis
1069 951 1308 1015 arctatas
1325 936 1580 993 fluctibus
1607 956 1728 992 oras
1743 978 1758 1004 ‚

372 1050 401 1078 α
421 1030 545 1081 Non
569 1025 843 1102 indignati
866 1025 1134 1080 miserum
1159 1023 1361 1078 dixisse
1393 1034 1690 1098 parentem

372 1112 783 1188 «OEdipoden.
826 1110 955 1167 Tibi
993 1109 1140 1184 larga
1183 1105 1416 1187 (Pelops
1458 1119 1515 1162 et
1547 1101 1818 1162 Tantalus

514 1209 710 1252 auctor
729 1194 753 1274 )

372 1306 400 1335 κ
423 1282 726 1350 Nobilitas,
762 1280 1111 1357 propiorque
1134 1278 1270 1334 fluat
1297 1276 1366 1333 de
1394 1278 1656 1354 sanguine
1680 1280 1877 1353 juncto

372 1394 399 1419 (t
421 1367 663 1443 Jupiter.
693 1368 861 1422 Anne
888 1367 1034 1421 feret
1061 1363 1197 1421 luxu
1227 1376 1493 1422 consueta
1519 1376 1759 1441 paterno

371 1476 399 1504 κ
419 1453 587 1506 Hunc
611 1450 801 1525 regina
826 1448 1004 1505 larem
1022 1446 1051 1505 Ρ
1086 1460 1286 1505 nostrae
1314 1449 1405 1506 cui
1432 1450 1555 1522 jure
1584 1467 1794 1505 sorores

371 1560 399 1587 «
422 1534 607 1593 Anxia
624 1555 799 1611 pensa
817 1534 1077 1605 trahunt3
1097 1534 1263 1610 longo
1282 1553 1448 1609 quam
1467 1531 1696 1590 sordida
1713 1531 1871 1590 luctu

371 1644 401 1673 α
421 1623 602 1677 Mater
618 1661 635 1691 ,
673 1632 730 1676 et
757 1641 824 1676 ex
849 1619 973 1675 imis
997 1622 1219 1677 auditus
1244 1620 1391 1675 forte
1419 1617 1668 1674 tenebris

375 1732 402 1759 e<
423 1706 705 1763 Ostendat
729 1726 880 1764 socer
906 1705 997 1764 ille
1025 1704 1284 1763 senex?J
1287 1725 1375 1761 am
1400 1716 1633 1781 pectora
1652 1700 1804 1778 vulgi

372 1816 400 1870 ις
424 1792 735 1850 Assuevere
785 1794 932 1872 jugo.
987 1793 1169 1851 Pudet
1209 1791 1323 1850 heu
1341 1833 1356 1861 ‚
1399 1788 1691 1866 plebisque
1715 1866 1719 1870 ²

509 1894 846 1961 patrumque

368 1990 396 2021 α
417 1968 504 2024 Ne
530 1969 694 2025 toties
722 1970 930 2028 incerta
961 1973 1175 2039 ferant,
1211 1981 1544 2041 mutentque
1579 1976 1868 2042 gementes

367 2073 396 2103 κ
417 2055 688 2128 Imperia,
718 2067 777 2109 et
802 2055 976 2111 dubio
1004 2053 1198 2129 pigeat
1236 2070 1436 2126 parere
1466 2063 1702 2124 tyranno
1726 2051 1737 2106 !

366 2159 394 2190 κ
416 2137 544 2196 Non
578 2138 760 2215 parcit
794 2137 1022 2216 populis
1055 2155 1292 2211 regnum
1326 2134 1516 2190 breve.
1554 2133 1786 2212 Respice

508 2237 750 2299 quantus
1487 2277 1492 2285 .

362 2331 392 2360 α
412 2309 654 2376 Horror,
680 2320 734 2364 et
765 2308 991 2363 attoniti
1019 2318 1213 2362 nostro
1248 2305 1305 2359 in
1335 2305 1649 2361 discrimine
1685 2305 1858 2363 cives,

361 2415 390 2443 κ
411 2394 597 2448 Hosne
622 2413 757 2468 ege,
786 2392 915 2468 quis
943 2403 1097 2445 certa
1121 2401 1202 2445 est
1228 2388 1335 2445 sub
1359 2402 1415 2445 te
1444 2391 1589 2445 duce
1617 2408 1781 2463 poena
1799 2430 1814 2457 ,

509 2474 868 2549 relinquam?

361 2584 390 2613 α
410 2562 623 2628 Iratu5‚
651 2578 945 2634 germane,
981 2558 1154 2614 venis,
1189 2562 1296 2615 Fac
1323 2556 1500 2616 velle:
1532 2578 1634 2615 nec
1662 2560 1769 2635 ipsi

363 2669 389 2697 α
414 2643 517 2718 (Si
558 2641 728 2698 modo
768 2655 932 2697 notus
971 2662 1127 2698 amor
1148 2688 1163 2715 ,
1204 2644 1499 2719 meritique
1541 2656 1624 2698 est
1644 2646 1855 2724 gratia)

505 2743 700 2806 patres

360 2837 389 2866 α
411 2816 663 2871 Reddere
688 2834 860 2889 regna
897 2814 1079 2869 sinent
1103 2837 1157 2870 ».
1200 2815 1329 2871 Non
1368 2813 1511 2872 ultra
1534 2835 1762 2892 passm,
1804 2831 1868 2892 et*

508 2921 634 2956 orsa

355 2985 559 3058 Injecit
579 2985 773 3044 mediis
796 2986 1144 3045 sermonibus
1172 2988 1332 3045 obvia
1356 3007 1371 3043 ε
1405 3012 1434 3041 ιε
1461 2985 1690 3044 Reddes
1711 3029 1726 3058 ,

318 3143 324 3148 η
361 3093 389 3122 «
409 3070 752 3147 Ingeminat,
787 3074 987 3132 reddes
1011 3093 1024 3129 ε
1055 3093 1170 3130 non
1197 3073 1241 3130 si
1270 3085 1324 3129 te
1347 3074 1561 3129 ferreus
1588 3091 1755 3148 agger
