2079 3613
546 355 610 410 16
738 352 1251 421 ᾸοΗῙιιΕισοε,
1301 356 1442 410 Lm.
1492 358 1547 412 ι’.
1688 349 1812 437 387

323 448 594 504 Certatim
612 449 830 522 laurus;
861 448 882 528 (
905 453 1039 508 olim
1061 451 1216 509 dolet
1241 455 1421 511 altera
1450 454 1594 513 vinci
1610 457 1625 512 l
1641 456 1669 538 )

321 537 407 588 Da
426 535 675 591 veniam:
700 555 766 612 ac
791 535 1076 612 trepidum
1099 553 1297 614 patere
1322 538 1431 596 hoc
1455 540 1655 598 sudare

540 633 854 697 parumper

319 701 577 761 Pulvere.
600 707 684 762 Te
705 707 873 785 longo
888 749 902 777 ‚
919 728 1022 764 nee
1050 707 1185 766 dum
1209 709 1416 768 fidente
1435 722 1637 788 paratu

323 788 620 858 Molimur3
646 811 990 868 magnusque
1014 794 1115 849 tibi
1134 795 1391 872 praeludit
1409 797 1670 855 Achilles·

394 872 653 931 Solverat
673 875 914 932 OEbalio
942 878 1178 934 classem
1200 879 1272 937 de
1294 881 1479 939 littore
1500 896 1696 960 pastor

322 958 652 1029 Dardanus3
681 960 932 1016 incautas
963 962 1489 1041 blande'populatus
1514 970 1779 1046 Amyclas

321 1039 603 1116 Plenaque
619 1044 856 1099 materni
879 1047 1136 1115 referens,
1154 1051 1419 1126 praesagia
1444 1054 1653 1126 somni,

321 1125 622 1201 Culpatum
641 1127 931 1204 relegebat
949 1128 1089 1199 iter,
1113 1152 1225 1207 qua
1253 1135 1484 1192 condita
1509 1148 1684 1211 ponto
1709 1128 1718 1137 ⁰

324 1209 615 1266 Fluctibus
636 1211 820 1270 invisis
832 1216 945 1290 jam
964 1217 1162 1274 Nereis
1178 1217 1419 1295 imperat
1434 1221 1614 1279 Helle.

326 1292 471 1348 Cum
499 1293 693 1352 Thetis
713 1297 892 1356 Idaeos
919 1299 1066 1380 (heu
1084 1305 1097 1357 Ξ
1118 1320 1407 1381 nunquam
1432 1325 1578 1364 vana

543 1392 844 1455 parentum

318 1460 594 1535 Auguria!
621 1461 642 1538 )
666 1466 893 1540 expavit
909 1467 1091 1527 vitreo
1108 1471 1213 1527 sub
1239 1474 1453 1551 gurgite
1479 1492 1682 1536 remos-

321 1543 616 1603 Nec'mora
635 1574 648 1604 z
670 1555 727 1605 et
755 1553 983 1609 undosis
1004 1557 1165 1610 turba
1185 1559 1490 1617 comitante
1512 1580 1766 1622 sororum

321 1627 584 1686 Prosiluit
607 1631 878 1692 thalamis.
910 1641 1151 1695 Fervent
1174 1642 1431 1699 coeuntia
1457 1646 1646 1704 Phrixi

266 1778 269 1781 Ἴ
320 1712 535 1769 Littora
555 1755 571 1785 ,
602 1727 658 1770 ct
683 1733 974 1793 angustum
995 1720 1250 1780 dominas
1267 1746 1382 1781 non
1407 1729 1653 1806 explicat

537 1819 745 1875 aequor.
816 1830 823 1836 ·

321 1877 427 1936 Illa
446 1880 543 1936 ubi
562 1883 806 1942 discusso
823 1887 1067 1963 primum
1086 1890 1238 1947 subit
1250 1912 1379 1950 aera
1398 1909 1572 1972 ponto
1601 1913 1616 1954 t

399 1990 428 2020 «
453 1969 548 2024 Me
567 1969 713 2045 petit
738 1971 881 2041 haec,
910 1973 1048 2030 mihi
1069 1973 1260 2034 classis
1276 2018 1292 2050 ²
1322 1978 1431 2051 ait,
1461 1982 1682 2041 funesta

406 2069 421 2074 ’
545 2055 806 2114 minatur.

327 2164 356 2194 α
376 2141 642 2217 Agnosco
661 2146 903 2204 monitus
921 2182 939 2218 ,
970 2157 1026 2204 et
1050 2148 1250 2206 Protea
1269 2165 1401 2209 vera
1426 2152 1700 2230 locutum,

310 2251 354 2279 ἀ
377 2228 524 2284 Ecce
543 2248 745 2285 novam
765 2233 981 2290 Priamo
999 2276 1015 2305 ,
1044 2234 1261 2293 facibus
1282 2240 1350 2294 de
1370 2260 1568 2318 puppe
1588 2241 1813 2319 levatis,

327 2336 355 2364 ιε
375 2313 508 2370 Fert
524 2314 747 2372 Bellona
765 2337 987 2375 nurum.
1012 2319 1198 2379 Video
1219 2323 1330 2395 jam
1355 2324 1503 2380 mille
1516 2328 1723 2386 carinis

323 2420 352 2451 α
374 2399 595 2454 Ionium
624 2440 642 2467 ‚
672 2402 1028 2478 AEgaeumque
1053 2404 1253 2479 premi.
1283 2407 1401 2462 Nec
1426 2409 1626 2465 sufficit
1649 2451 1668 2481 ‚

541 2503 719 2538 omms

325 2587 354 2616 «
375 2564 544 2637 Quod
565 2564 730 2644 plaga
756 2568 1139 2644 Graiugenum
1155 2574 1381 2633 tumidis
1400 2578 1657 2653 conjurat

547 2649 763 2706 Atridis
792 2671 806 2708 ε

323 2760 352 2789 α
380 2737 417 2791 J
419 2757 509 2791 am
533 2737 736 2814 pelago
755 2778 772 2808 ,
803 2738 1077 2815 terrisque
1103 2760 1260 2798 meus
1283 2755 1568 2819 quaeretur‘

543 2821 798 2879 Achilles
825 2865 842 2894 ‚

326 2929 355 2956 α
374 2908 444 2961 Et
466 2904 615 2966 volet
635 2907 758 2984 ipse
784 2911 959 2994 sequi.
989 2910 1137 2986 Quid
1152 2913 1303 2969 enim
1331 2913 1604 2973 cunabula

539 3013 716 3068 parvo
860 3007 863 3012 “

331 3096 358 3126 α
381 3073 578 3132 Pelion
592 3120 612 3146 ,
637 3091 692 3136 et
712 3081 856 3141 torvi
875 3083 1249 3141 commisimus
1267 3097 1428 3145 antra
1446 3088 1726 3168 magistri?
