2079 3613
722 194 825 257 ἠ·
887 196 1328 268 sYLvAnUM‚'
1373 207 1519 271 ΜΒ.
1570 208 1654 258 11.
1747 178 1750 181 ’
1799 193 1925 276 469

437 298 647 357 Affluat
665 341 682 372 ,
712 312 808 357 aut
831 298 982 358 silvis
1007 299 1205 378 chelys
1227 298 1510 358 intellecta
1535 302 1781 375 serisque
1797 340 1814 369 ,

438 382 685 445 Muleeat
710 384 932 440 insanos
951 386 1205 461 gemitus,
1234 388 1354 441 Stat
1381 397 1610 462 pectore
1629 384 1859 439 demens

437 466 650 523 Luctus
669 508 685 538 ,
716 479 773 524 et
793 468 1021 524 admoto
1047 467 1261 526 latrant
1286 466 1593 545 praecordia
1619 479 1795 523 tactu.

434 546 617 606 Nemo
641 564 828 609 vetate
859 552 1064 609 satiare
1100 552 1259 608 malis
1284 573 1300 624 3
1328 570 1649 630 aegrumque
1677 546 1952 607 dolorem-

433 632 718 693 Libertate
746 636 933 693 doma.
962 638 999 693 J
1003 658 1093 694 am
1117 618 1537 714 flendifflxpleta
1562 635 1826 709 voluptas
1851 630 1881 690 ⁴?

320 734 335 790 ᾗ
430 718 635 776 Jamne
659 739 863 795 preces
882 722 1057 777 sessus
1082 739 1195 776 non
1223 719 1527 805 indignaris
1556 714 1802 775 amicas?

430 804 631 864 Jamne
658 823 854 861 canam
873 802 901 860 ’.Ρ
920 803 971 859 la
981 804 1282 895 crymiffien
1307 818 1363 861 et
1381 825 1507 862 mea
1533 803 1780 860 carmina
1799 801 1861 856 in

648 907 771 962 ipso

433 971 550 1030 Ore
574 964 774 1028 natant
800 1012 818 1042 ‚
846 973 1149 1048 tristesque
1179 972 1388 1029 cadunt
1415 973 1471 1027 in
1496 977 1668 1030 verba
1691 971 1891 1029 lisurae.

429 1057 563 1132 Ipse
581 1056 789 1114 etenim
807 1068 993 1114 tecum
1014 1057 1184 1132 nigrae
1209 1054 1475 1112 solemnia
1500 1074 1722 1131 pompae
1744 1096 1764 1125 ,

430 1142 876 1218 spectatumque
899 1141 1027 1197 urbi
1054 1140 1268 1221 εεςὶιιε,
1299 1152 1357 1196 et
1384 1138 1598 1214 puerile
1625 1141 1895 1196 feretrum
1971 1156 1972 1163 ¹

427 1224 675 1282 Produxi
697 1269 714 1296 ,
741 1239 797 1284 et
815 1224 1259 1284 saevosdamnati
1284 1222 1465 1280 thuris
1482 1240 1711 1279 acervos
1728 1263 1746 1291 ‚

425 1309 862 1389 Plorantemque
891 1311 1138 1368 animam
1162 1329 1332 1387 supra
1358 1329 1458 1365 sua
1478 1305 1808 1365 funera'vidi
1840 1326 1854 1361 ε

428 1395 627 1473 Teque
644 1411 869 1475 patrum
886 1396 1123 1472 gemitus
1141 1406 1498 1473 superantem
1520 1434 1539 1465 ,
1555 1405 1609 1448 et
1628 1389 1857 1448 brachia

645 1497 891 1542 matrum
913 1527 929 1554 ‚

425 1566 910 1646 Complexumque
935 1587 1099 1644 rogos
1126 1609 1143 1638 ,
1176 1567 1478 1643 ignemque
1500 1563 1731 1621 haurire

647 1666 939 1728 parantem
1595 1663 1602 1667 ’
1713 1664 1716 1665 ’

425 1734 541 1794 Vix
559 1735 718 1792 tenui
744 1736 937 1793 similis
959 1757 1143 1794 comes
1163 1777 1180 1805 ‚
1209 1733 1538 1811 effendique
1563 1737 1827 1794 tenendo·

424 1824 496 1879 Et
514 1844 690 1892 nunc,
716 1821 866 1879 heu!
899 1824 1093 1893 vittis,
1124 1836 1180 1879 et
1204 1821 1412 1888 frontis
1430 1821 1647 1879 honore
1674 1821 1854 1879 soluto
1871 1863 1887 1893 .,

425 1910 712 1965 Infaustus
735 1922 923 1979 vates.,
952 1928 1115 1967 verso
1141 1927 1265 1972 mea
1292 1920 1526 1984 pectora
1550 1907 1760 1965 Phoebo
1782 1950 1798 1977 ‚
1861 1933 1864 1936 v

406 1981 630 2070 “plango
648 1992 793 2070 lyra.
813 1993 897 2049 En
919 1992 1045 2049 duri
1060 1993 1318 2050 comitem
1335 1992 1660 2068 sociumque
1682 1990 1888 2047 doloris
1904 2033 1920 2062 ‚

423 2078 478 2133 Si
500 2078 712 2150 merui,
743 2080 1050 2156 luctusque
1064 2079 1146 2136 tui
1167 2079 1447 2135 consortia
1468 2078 1645 2148 sensi,
1719 2109 1726 2114 -

420 2169 457 2224 J
462 2186 550 2221 am
573 2165 718 2224 lenis
741 2166 960 2243 patiare
982 2208 1001 2239 ,
1026 2185 1252 2250 precor.
1280 2168 1379 2221 Me
1399 2163 1632 2221 fulmine
1654 2166 1711 2222 in
1735 2164 1860 2241 ipso

422 2252 706 2310 Audivere
734 2266 956 2330 patres:
979 2256 1272 2330 egqjuxta
1297 2252 1461 2309 busta
1482 2253 1724 2328 profusis

344 2394 347 2397 ,
420 2342 695 2407 Matribus
716 2380 735 2409 ,
763 2353 931 2418 atque
959 2341 1071 2415 piis
1097 2339 1280 2394 cecini
1300 2337 1494 2394 solatia
1516 2339 1665 2395 natis
1682 2380 1732 2408 ‚‚,

392 2419 395 2423 ’
420 2426 490 2483 Et
514 2426 685 2494 mihi,
716 2445 843 2481 cum
867 2422 1133 2501 proprios
1156 2442 1435 2500 gemerem
1460 2422 1813 2492 defectus'ad

639 2509 800 2585 ignes
826 2550 843 2579 ‚

416 2597 599 2665 Quem
621 2632 639 2663 ‚
665 2604 866 2649 natura
887 2595 1193 2667 ‚'patrem!
1223 2611 1329 2648 nec
1358 2603 1411 2648 te
1438 2593 1635 2668 lugere
1658 2613 1886 2651 severus

420 2679 610 2733 Arceo
636 2695 651 2748 ;
678 2676 781 2733 sed
806 2678 1006 2733 confer
1031 2674 1269 2752 gemitus
1285 2716 1301 2746 .,
1322 2676 1645 2753 pariterque
1671 2678 1917 2735 fleamus.

486 2761 831 2820 Jamdudum
859 2761 1058 2858 dignos
1084 2759 1270 2817 aditus
1291 2802 1308 2832 ,
1340 2762 1695 2839 laudumque
1747 2817 1762 2826 ,
1856 2819 1862 2826 ,
1933 2766 1954 2782 '

638 2839 860 2902 tuar‘nm
892 2873 936 2917 ‚·
988 2889 1029 2922 1,
1087 2849 1124 2884 ⁸
1508 2912 1513 2916 ²

351 3007 358 3012 .
417 2936 467 2992 Ο
488 2935 689 2993 merito
714 2921 920 2991 dilecte
941 2936 1117 3012 puer!
1146 2930 1453 3010 primordia
1480 2949 1735 3009 quaerens
