2079 3613
28 1636 67 1749 ΗΥ

541 285 646 342 227
786 265 1234 330 THEBAIDOS‚
1288 269 1432 329 Lm,
1489 272 1568 318 11.
1823 260 1904 341 37

406 366 701 422 Foemineo.
722 365 890 423 Casta
916 378 1128 421 matres
1154 366 1380 425 cinxere
1401 385 1607 421 corona

403 448 704 524 Argolides
744 470 873 526 pars
897 449 1204 525 virginibus
1223 450 1429 506 circum
1450 438 1697 526 undique
1720 453 1852 511 fusae

400 534 639 592 Foedera
668 534 967 592 conciliant
992 557 1141 593 nova
1161 580 1177 601 ‚
1203 535 1565 612 solanturque
1593 537 1865 595 timorem.

479 620 649 676 Ibant
675 620 918 695 insignes
946 620 1215 695 vultuque
1246 620 1553 699 habituque
1582 623 1830 680 verendo
1850 668 1867 696 ,

404 704 658 769 Candida
682 725 1027 781 purpureum
1058 706 1189 761 fusae
1215 725 1385 781 super
1417 725 1514 761 ora
1541 706 1810 764 ruborem
1827 751 1844 779 ,

399 789 763 866 Dejectaeque
788 812 979 867 genaS.
1010 791 1203 847 Tacite
1232 791 1380 851 subit
1405 791 1498 847 ille
1525 811 1820 870 supremus

403 877 744 952 virginitatis
769 898 957 948 amor,
984 879 1287 954 primaeque
1315 878 1587 934 modestia
1612 877 1791 954 culpae

402 962 710 1018 Confundit
739 965 948 1021 vultus,
976 968 1140 1020 Tunc
1169 984 1265 1019 ora
1289 963 1541 1037 rigantur
1563 963 1814 1021 honestis

398 1048 708 1118 ImbribuS,
731 1062 786 1104 et
810 1063 1035 1105 teneros
1059 1049 1323 1123 lacrymae
1343 1050 1533 1121 juvere
1558 1061 1835 1131 paregtes.

401 1134 533 1188 Non
558 1152 714 1188 secus
737 1152 801 1188 ac
833 1153 1034 1209 supero
1057 1132 1274 1209 pariter
1300 1131 1347 1186 si
1374 1131 1600 1189 cardine
1631 1134 1800 1209 lapsae
1865 1132 1874 1143 '

382 1219 615 1289 Pallas,
651 1230 708 1274 et
736 1218 986 1295 asperior
1016 1217 1213 1281 Phoebi
1242 1235 1436 1287 soror;
1473 1229 1713 1293 utraque
1747 1218 1907 1290 telis,

400 1305 651 1380 Utraque
678 1317 836 1362 torva
863 1305 1052 1381 geniS‚
1077 1305 1333 1378 flavoque
1361 1304 1421 1358 in
1444 1304 1654 1360 vertice
1683 1303 1869 1376 nodo,

397 1389 504 1445 Illa
530 1409 655 1459 suas
681 1390 912 1469 Cyntho
950 1389 1183 1446 comites
1208 1401 1370 1464 agat,
1402 1388 1522 1445 heac
1548 1389 1903 1467 Aracyntho-

396 1479 560 1531 Tune
576 1516 593 1544 ‚
622 1475 669 1530 si
692 1476 775 1533 sas
801 1474 976 1531 oculis
995 1517 1011 1545 ‚
1038 1462 1162 1531 nors
1178 1494 1427 1549 unquam
1445 1474 1619 1552 longa
1643 1474 1856 1532 tuendo

395 1558 706 1637 Expedias,
727 1561 818 1617 cui
840 1563 1020 1636 major
1038 1561 1253 1631 houm,
1280 1559 1371 1617 cui
1394 1560 1606 1635 gratior
1624 1603 1641 1631 ‚
1663 1574 1756 1617 aut
1777 1559 1907 1636 plus

394 1651 478 1701 De
504 1649 541 1703 J
544 1665 681 1717 ove3
709 1661 1063 1724 mutatosque
1087 1645 1263 1703 velint
1289 1646 1661 1704 transsumere
1691 1647 1902 1719 cultus;

390 1733 467 1789 *Et
491 1730 666 1791 Pallas
691 1732 895 1789 deceat
914 1732 1239 1810 pharetras.,
1268 1743 1327 1787 et
1351 1728 1511 1788 Delia
1536 1731 1753 1801 cristas,

470 1819 707 1874 Certant
729 1818 952 1889 laetitia,
980 1821 1334 1898 Superosque
1360 1818 1419 1874 in
1445 1832 1577 1876 vota
1602 1821 1842 1897 fatigant

352 1965 361 1974 x
397 1900 714 1971 Inachidae,
736 1923 855 1977 quae
883 1905 1090 1977 cuique
1108 1901 1336 1971 domm,
1358 1906 1615 1978 sacrique
1643 1904 1899 1974 facultas.

397 1990 474 2047 Hi
499 1987 655 2045 fibris
676 2031 693 2059 .‚
722 1987 1015 2064 animaque
1047 1987 1242 2044 litant:
1268 1988 1568 2065 lii-cespite
1595 1989 1747 2045 nudo
1763 2031 1780 2060 ‚

392 2079 516 2131 Nec
540 2077 721 2132 minus
746 2076 961 2146 auditi,
995 2074 1044 2136 si.
1071 2096 1226 2134 mens
1254 2087 1492 2152 accepta
1516 2088 1759 2132 meretur
1778 2117 1795 2146 ‚

399 2163 548 2219 Ture
574 2165 752 2234 De08‚
788 2163 1096 2239 fractisque
1124 2161 1439 2224 obtendunt
1463 2161 1652 2218 limina
1678 2159 1862 2240 sylvis·

468 2250 618 2305 Ecce
638 2261 799 2326 metu
825 2248 1009 2305 subito
1039 2245 1340 2326 (Lachesis
1367 2247 1449 2303 sic
1474 2245 1596 2315 dira
1623 2246 1898 2320 jubebat)

397 2336 661 2410 Impulsae
684 2343 929 2405 mentes,
957 2349 1301 2410 excussaque
1317 2353 1322 2356 ’
1337 2333 1541 2412 gaudia
1565 2334 1713 2408 patri
1729 2376 1749 2401 ,

394 2424 465 2478 Et
492 2419 712 2477 turbata
739 2420 874 2476 dies·
906 2423 1214 2500 Innuptam
1234 2420 1421 2477 limine
1452 2419 1683 2475 adibant

393 2503 617 2559 Pallada
636 2521 661 2572 ‚·
682 2505 1122 2581 Munychiisncui
1152 2525 1267 2561 non
1295 2504 1507 2578 ,Awgiva
1540 2523 1646 2580 per
1676 2502 1844 2560 urbes

390 2587 714 2647 Posthabita
741 2601 825 2664 est
849 2590 1071 2648 Larissa
1093 2590 1386 2665 jugisfflic
1419 2608 1574 2654 more
1598 2600 1896 2664 parentum

392 2675 646 2745 Iasides,
675 2671 935 2729 thalamis
959 2672 1058 2725 uhi
1085 2686 1234 2728 casta
1260 2673 1605 2728 adolesceret
1630 2685 1759 2742 aetas
1775 2715 1795 2740 ,

389 2761 685 2840 virgineas
704 2759 879 2817 libare
901 2777 1092 2814 comas
1108 2800 1123 2826 ‚
1153 2755 1738 2834 primosque-solebant

389 2854 666 2907 Excusare
691 2858 863 2902 toros.
906 2844 1128 2908 Celsam
1155 2844 1523 2900 subeuntibus
1547 2863 1730 2900 arcem

391 2939 463 2991 In
480 2935 750 3010 gradibus
774 2933 974 2992 summi
1002 2932 1295 3009 delapsum
1321 2930 1559 2989 culmine
1584 2929 1779 3007 templi

390 3020 638 3079 Arcados
660 3018 909 3100 Euhippi
931 3017 1167 3098 spolium
1186 3060 1202 3090 ,
1223 3016 1389 3108 ⁴cadi-t
1403 3035 1595 3104 ,aereus
1619 3016 1799 3092 orbis3
