2079 3613
112 515 183 557 ,ς’

458 366 564 427 7⁰2
659 347 1101 414 THEBAIDOS,
1153 350 1490 399 LIB.XI1.
1615 339 1736 405 ὅθι

250 447 475 525 Spicula
502 471 517 505 :
545 470 658 506 non
683 449 960 524 pharetris
985 448 1279 525 qui-squam
1296 490 1311 519 ,
1334 468 1448 505 non
1468 468 1596 505 ense

472 536 709 603 decorus
738 576 754 606 ,

250 619 741 698 Non‘spectandus
759 641 926 697 equo.
956 619 1140 676 Cessit
1165 619 1373 676 fiducia
1397 619 1560 677 valli:

249 704 539 763 Murorum
564 719 721 783 patet
746 726 910 761 omne
935 703 1081 761 latus
1103 746 1119 773 ,
1142 705 1446 761 munimina
1473 717 1651 782 portae

246 788 572 865 Exposcunt
592 813 605 850 ε
628 791 785 868 prior
809 789 985 847 hostis
998 789 1207 863 habet;
1238 789 1457 866 fastigia
1480 792 1711 861 desunt3

248 875 467 951 Deiecit
492 878 805 954 Capaneus
825 876 1132 950 Exsanguis
1152 918 1168 947 ,
1197 889 1251 934 et
1278 897 1419 953 aegra
1448 878 1715 952 juventus

1739 788 1766 796 ..-

245 958 369 1016 Nec
392 963 503 1035 jam
531 959 857 1035 conjugibus
873 1001 889 1028 ,
919 980 1181 1036 suprema
1203 982 1311 1018 nec
1332 961 1521 1017 oscula
1547 963 1695 1020 natis

244 1046 283 1100 J
285 1046 443 1120 ungit
458 1086 474 1115 ,
486 1058 562 1101 -et
587 1042 808 1099 attoniti
819 1042 902 1097 nil
913 1056 1183 1117 optavere
1201 1058 1489 1120 parentes.

324 1168 549 1223 Atticus
584 1179 643 1222 at
667 1179 883 1237 contra,
908 1165 1076 1241 jubar
1099 1178 1159 1222 ut
1177 1164 1480 1223 clarescere
1497 1169 1678 1246 ruptis

251 1251 535 1322 Nubibus,
566 1266 622 1309 et
640 1250 809 1309 solem
834 1250 1028 1329 primis
1058 1250 1277 1327 aspexit
1297 1251 1355 1305 in
1376 1251 1541 1308 armis
1561 1295 1578 1321 ,

249 1338 454 1395 Desilit
479 1338 537 1393 in
553 1358 811 1415 campum
828 1337 921 1414 qui
940 1337 1137 1393 subter
1155 1335 1355 1392 moenia
1381 1337 1572 1395 nudos

248 1424 518 1487 Adservat
542 1431 733 1480 manes
755 1441 770 1479 :
792 1423 1044 1499 dirisque
1060 1421 1603 1499 vaporibus‘aegrum

249 1510 398 1565 Aera
424 1509 685 1582 pulverea
709 1511 936 1586 penitus
954 1510 1057 1565 sub
1079 1506 1292 1565 casside
1313 1506 1524 1564 ducens
1541 1550 1558 1578 ,

249 1597 515 1673 Ingemit,
545 1610 602 1654 et
621 1600 793 1674 justas
817 1596 949 1652 belli
974 1595 1347 1651 inflammatur
1373 1593 1432 1649 in
1454 1594 1581 1652 iras,

322 1707 488 1760 Hunc
514 1705 713 1761 saltem
737 1703 957 1760 miseris
973 1704 1179 1760 ductor
1192 1701 1500 1759 Thebanus

472 1790 744 1847 honorem
1082 1863 1088 1868 .

248 1879 512 1953 Largitur
538 1881 744 1932 Dana‘is
761 1916 777 1946 ,
802 1875 958 1951 quod
983 1894 1101 1931 non
1126 1893 1295 1950 super
1314 1872 1433 1950 ipsa
1463 1875 1747 1951 jacentum

247 1962 504 2037 Corpora
516 1960 807 2038 belligeras
834 1962 983 2017 acies
1003 2003 1020 2030 ,
1049 1963 1410 2035 Martemque
1436 1964 1747 2019 secundum

251 2046 483 2104 Miscuit
511 2065 525 2103 :
556 2061 614 2104 at
639 2048 819 2105 lacera
837 2068 910 2103 ne
930 2047 1070 2123 quid
1097 2047 1169 2103 de
1185 2058 1368 2124 strage
1389 2047 1668 2105 nefandus

248 2132 520 2189 Perderet
538 2176 553 2203 ,
578 2133 801 2209 eligitur
817 2151 990 2190 saevos
1009 2145 1214 2209 potura
1234 2150 1460 2188 cruores

248 2220 422 2274 Terra
445 2218 620 2275 rudis·
647 2220 887 2295 Jamque
912 2219 1155 2275 alternas
1172 2217 1232 2275 in
1253 2218 1442 2295 praelia
1463 2230 1664 2295 gentes

249 2303 540 2361 Dissimilis
557 2304 781 2361 Bellona
799 2306 924 2361 ciet.
948 2306 1077 2361 Non
1108 2305 1317 2362 clamor
1341 2306 1605 2382 utrinque
1624 2345 1641 2375 ,

247 2394 372 2447 Non
390 2392 651 2467 utrinque
674 2393 836 2448 tubae.
860 2392 982 2447 Stat
1002 2390 1203 2448 debilis
1216 2391 1392 2448 altera
1407 2392 1590 2467 pubes
1604 2436 1619 2464 ,

248 2476 579 2536 summissos
593 2496 748 2534 enses
761 2477 1139 2553 nequicquam
1158 2520 1173 2546 ,
1204 2488 1539 2553 amentaque

477 2559 694 2619 dextris

246 2651 400 2705 Laxa
418 2659 632 2703 tenens.
657 2649 881 2704 Cedunt
909 2647 1109 2704 tellure
1131 2688 1147 2717 ,
1179 2646 1456 2722 armisque
1481 2650 1754 2719 reductis,

247 2735 549 2792 Ostentant
574 2749 788 2792 veteres
813 2732 1192 2790 etiamnumin
1212 2734 1479 2809 sanguine
1495 2734 1712 2810 plagas·

248 2823 285 2877 J
290 2843 378 2877 am
392 2842 510 2878 non
537 2820 830 2898 Cecropiis
857 2821 1000 2879 idem
1019 2820 1348 2876 ductoribus
1367 2819 1532 2876 ardor
1552 2841 1567 2875 ι
1735 2803 1748 2822 ’

248 2910 757 2984 Languescuntque
786 2909 946 2964 minae
966 2950 984 2978 ,
1012 2919 1069 2964 et
1086 2907 1261 2964 virtus
1288 2926 1478 2963 secura
1497 2907 1724 2966 resedit.

250 2996 560 3050 'Ventorum
580 2994 731 3052 velut
750 2995 831 3049 ira
858 2995 1068 3063 minor,
1092 2994 1199 3049 nisi
1226 2992 1362 3051 silva
1389 2995 1642 3051 furentes

251 3079 530 3157 Impedit,
559 3078 848 3157 insanique
876 3091 1065 3138 tacent
1090 3080 1212 3137 sine
1238 3076 1430 3137 littore
1453 3078 1672 3137 fluctu&
1705 3107 1710 3112 ’
