2079 3613
860 159 873 183 Ι

502 279 626 315 ,ω
725 259 1242 323 ACHILLEIDOS,
1294 263 1437 312 Lm.
1491 264 1595 314 Ν,
1710 254 1830 325 421

342 353 487 410 Cum
512 369 755 432 paveant
780 355 898 412 aliae
928 399 944 424 ,
976 355 1325 434 demissaque
1352 360 1565 416 lumina
1591 362 1838 431 flectant,

341 441 530 516 Atque
547 442 744 497 iterat:
770 465 798 494 «
826 443 1095 518 Quisquis
1119 443 1344 520 proavis
1364 459 1420 502 et
1438 459 1599 521 gente

567 528 841 603 superbus
867 570 883 597 ‚

342 631 373 662 κ
392 610 658 688 Quisquis
679 633 827 689 equo
845 655 863 684 ‚
883 613 1179 690 jaculoque
1206 626 1411 692 potens
1428 656 1444 685 ‚
1464 616 1561 690 qui
1575 612 1843 690 praevalet

563 717 697 753 arcu
715 739 731 768 ‚

335 802 366 833 κ
390 783 584 839 Omnis
604 782 786 841 honos
806 783 918 841 illic
944 803 958 839 ε
980 784 1094 841 illic
1120 785 1365 861 ingentia
1384 797 1603 841 certant
1713 779 1747 861 J

337 887 368 918 κ
393 868 649 923 Nomina.
676 869 783 923 Vix
810 869 1017 928 timidae
1032 882 1241 927 matres
1257 913 1273 942 ‚
1301 871 1398 927 vix
1424 862 1643 946 agmina

552 963 771 1008 cessant
1155 1002 1160 1003 γ

335 1058 367 1087 «
388 1035 679 1110 Virginea.
707 1034 817 1090 Hic
844 1033 1076 1091 multum
1098 1035 1315 1093 steriles
1334 1037 1627 1094 damnatus
1646 1036 1706 1091 in

557 1139 734 1203 angos
763 1161 779 1188 ‚

334 1225 368 1257 c<
392 1205 727 1281 Invisusque
754 1203 890 1261 Deis
905 1245 921 1277 ‚
945 1207 990 1260 si
1016 1226 1189 1282 quem
1212 1206 1335 1263 haec
1347 1225 1496 1264 nova
1522 1205 1694 1281 gloria

539 1311 769 1367 segnem

331 1398 364 1429 <c
385 1376 654 1435 Praeterit.
684 1400 715 1430 >1
744 1376 961 1434 Exisset
987 1378 1205 1447 stratiS‚
1231 1374 1337 1433 nisi
1360 1374 1602 1453 provida
1627 1377 1786 1454 signo

326 1460 625 1518 Deidamia
653 1461 817 1534 dato,
842 1475 1073 1520 cunctas
1097 1462 1320 1519 hortata
1350 1478 1569 1520 sorores

324 1548 605 1624 Liquisset
628 1568 849 1605 mensas
867 1589 886 1618 ‚
909 1550 1098 1623 ipsum
1119 1546 1431 1623 complexa.
1462 1546 1574 1605 Sed
1591 1547 1766 1602 haeret

324 1632 663 1710 Respiciens
684 1633 947 1689 Ithacum
965 1676 980 1701 ‚
1008 1646 1268 1707 coetuque
1291 1632 1627 1690 novissimus
1652 1633 1789 1689 exit.
1843 1656 1852 1662 ’

379 1716 482 1772 Ille
501 1718 733 1792 quidem
750 1719 979 1793 incepto
994 1716 1225 1795 paulum
1244 1737 1315 1774 ex
1329 1730 1581 1773 sermone
1601 1718 1834 1788 remisit,

325 1802 507 1857 Pauca
520 1815 709 1858 tamen
729 1803 966 1877 jungens
990 1824 1005 1856 z
1029 1826 1059 1855 «
1075 1805 1145 1858 At
1170 1815 1235 1858 tu
1250 1801 1584 1876 tranquillus
1602 1802 1662 1857 in
1686 1802 1799 1859 alta

232 1899 233 1902 ’
326 1895 358 1936 ἁ
378 1887 521 1941 Pace
536 1905 699 1941 mane
717 1927 732 1953 ,
764 1885 1017 1961 carisque
1045 1906 1186 1964 para
1212 1885 1491 1943 connubia
1514 1885 1660 1942 natis
1677 1928 1694 1956 .,

324 1994 355 2024 «
379 1975 530 2043 Quas
557 1969 657 2026 tibi
679 1970 905 2028 sidereis
918 1972 1193 2029 Divarum
1218 1970 1467 2029 vultibus
1492 1990 1677 2045 aequas

323 2077 354 2108 κ
371 2059 507 2112 Sors
532 2055 708 2113 dedit.
731 2061 811 2113 Ut
834 2077 925 2114 me
955 2056 1092 2114 olim
1117 2055 1352 2122 tacitum
1373 2054 1688 2113 reverentia

470 2193 478 2202 .
530 2145 744 2222 tangit!
1749 2201 1752 2204 .

321 2254 356 2280 n
376 2232 433 2286 Is
459 2229 633 2287 decor
659 2242 743 2287 est
766 2247 781 2287 ε
807 2231 997 2288 formae
1020 2229 1241 2307 species
1264 2229 1544 2306 permixta
1570 2227 1735 2285 virili.
1760 2250 1791 2280 >1

318 2314 581 2372 Occurrit
602 2315 824 2389 genitor
853 2333 867 2369 z
896 2339 925 2368 α
947 2314 1133 2387 Quid,
1162 2314 1207 2370 si
1232 2313 1499 2371 Bacchaea
1525 2316 1772 2372 ferentes
1853 2349 1861 2372 ι

317 2427 352 2453 α
373 2400 541 2476 Orgia
559 2441 576 2469 ,
604 2399 877 2454 Palladias
905 2411 1001 2454 aut
1023 2400 1238 2455 circum
1264 2399 1480 2456 videris
1505 2397 1671 2456 aras?

319 2510 347 2539 κ
363 2488 432 2541 Et
458 2481 735 2552 dabimus»,
765 2481 809 2537 si
835 2482 980 2538 sorte
1006 2501 1187 2544 novus
1213 2480 1575 2537 cunctabitur

533 2571 750 2623 Auster.
769 2588 798 2618 >²
1441 2625 1444 2630 ⁵

388 2652 694 2729 Excipiunt
720 2651 914 2727 cupidi
936 2693 952 2722 ‚
976 2663 1034 2706 et
1055 2650 1240 2707 tacitis
1259 2671 1387 2728 spes
1406 2653 1601 2710 addita
1619 2654 1783 2712 votis.

230 2797 233 2798 γ
315 2745 534 2800 Caetera
557 2739 829 2815 depositis
851 2736 1189 2815 Lycomedis
1208 2740 1357 2816 regia
1378 2740 1526 2797 curis

311 2826 642 2903 Tranquilla
661 2823 764 2882 sub
781 2844 923 2902 pace
942 2824 1068 2881 silet
1093 2841 1106 2877 t
1128 2826 1226 2881 sed
1240 2824 1402 2903 longa
1428 2827 1614 2902 sagaci

310 2913 656 2972 Noxlthaco
673 2953 689 2982 ‚
713 2910 1010 2989 lucemque
1037 2910 1233 2988 cupit,
1261 2931 1574 2989 somnoque

535 3010 824 3075 gravatur.

306 3117 333 3146 X
