2079 3613
284 363 408 424 508
542 370 978 435 summunt,
1028 371 1173 419 Lm.
1227 306 1343 423 1i1.
1476 371 1547 443 42

276 471 346 523 Et
373 481 535 544 pater
552 467 736 524 AEolio
760 467 964 543 frangit
991 467 1087 541 qui
1113 468 1339 523 carcere
1360 481 1590 538 ventoS,

278 554 385 609 Cui
418 553 558 609 varii
583 553 743 608 ssatus
762 594 777 620 ‚
809 552 1102 627 omnisque
1127 572 1235 628 per
1261 571 1485 631 {equora
1511 555 1678 629 ponti

274 637 510 716 Spiritus
527 680 543 709 ,
574 650 740 713 atque
759 637 968 693 hiemes
991 636 1362 713 nimbosaque
1391 637 1584 695 nubila

503 736 701 800 parent
729 765 745 794 ,

274 807 490 864 Arotius
515 807 738 881 objecto
754 812 970 863 Borean
986 849 1001 875 ,
1023 809 1354 882 Eurumque
1374 847 1391 877 ,
1415 810 1744 884 Notumque

272 897 472 949 Monte
495 904 715 968 premat
742 911 759 950 t
789 890 893 948 soli
923 890 1203 968 Zephyro
1229 892 1301 948 sit
1323 891 1486 967 copia
1510 892 1665 961 coeli,

271 976 431 1035 Solus
456 988 585 1051 agat
603 996 827 1054 puppes
841 1018 857 1047 ,
885 988 1234 1051 summasque
1251 987 1581 1052 'supernatet
1602 975 1786 1034 undas

271 1061 541 1135 Assiduus
560 1062 686 1140 pela
697 1083 802 1139 go3
825 1063 1010 1120 donec
1034 1077 1126 1141 tua
1142 1106 1155 1130 ‚
1183 1063 1413 1120 turbine
1439 1062 1597 1119 nullo
1621 1103 1640 1134 ,

268 1149 421 1204 Laeta
447 1150 762 1206 Paretoniis
779 1150 1018 1225 assignet
1042 1149 1270 1206 carbasa
1295 1149 1455 1226 ripiS.

270 1232 579 1293 Audimur:
603 1247 764 1290 vocat
791 1234 910 1310 ipse
930 1246 1113 1289 ratem
1129 1275 1143 1302 ‚
1164 1244 1472 1308 nautasque
1488 1243 1778 1288 morantes

268 1317 556 1394 Increpat.
584 1316 726 1374 Inde
752 1338 937 1374 meum
963 1317 1167 1374 timido
1198 1323 1311 1389 jam
1335 1315 1542 1392 frigore
1567 1327 1773 1393 pectus

266 1399 505 1457 Labitur
525 1420 540 1470 ;
565 1413 621 1457 et
640 1422 865 1478 nequeo
881 1444 896 1472 ,
917 1402 1172 1477 quamvis
1185 1412 1376 1462 movet
1387 1400 1591 1458 ominis

490 1483 729 1557 horror,⁴

269 1567 545 1627 Claudere
573 1587 870 1648 suspensos
896 1569 1196 1626 oculorum
1219 1570 1278 1624 in
1303 1571 1556 1647 margine
1582 1571 1767 1631 fletus.

266 1655 505 1731 Jamque
527 1667 705 1711 ratem
732 1655 892 1711 terris
912 1654 1134 1725 divisit,
1161 1656 1299 1714 fune
1326 1655 1507 1710 soluto
1529 1694 1548 1724 ‚

264 1738 463 1794 Navita
486 1781 502 1809 ‚
523 1752 580 1795 et
607 1754 909 1817 angustum
920 1741 1126 1816 dejecit
1144 1739 1202 1796 in
1226 1759 1447 1815 aequora
1465 1751 1696 1817 pontem
1725 1761 1742 1798 ε

263 1826 453 1882 Saevus
481 1836 538 1881 et
564 1847 593 1881 e
613 1828 794 1903 puppi
815 1821 982 1902 longo
1008 1826 1250 1883 clamore
1275 1826 1539 1901 magister

262 1908 508 1986 Dissipat
529 1913 817 1988 amplexus
839 1955 855 1982 ‚
884 1925 1054 1988 atque
1081 1912 1267 1970 oscula
1283 1912 1395 1973 fida
1418 1912 1675 1986 revellit,

265 1995 384 2051 Nec
400 2000 626 2072 longum
642 2017 768 2052 cara
789 1995 923 2053 licet
943 1997 1001 2052 in
1016 1998 1242 2054 cervice
1257 1997 1482 2053 morari.

261 2080 528 2138 Attamen
545 2081 600 2140 in
618 2095 790 2139 terras
809 2104 838 2139 e
866 2082 1028 2159 plebe
1052 2081 1383 2146 novissimus
1399 2082 1553 2139 omni

262 2161 368 2219 Ibo
387 2205 402 2232 ‚
426 2183 528 2219 nec
549 2166 800 2239 egrediar
822 2167 926 2220 nisi
951 2169 1064 2241 jam
1089 2170 1327 2223 cedente
1347 2167 1553 2239 carina.

334 2247 472 2318 Quis
486 2246 625 2304 rude
639 2289 654 2315 ,
681 2261 736 2304 et
755 2248 1061 2315 abscissum
1080 2251 1290 2312 miseris
1306 2250 1678 2312 animantibus

480 2349 671 2406 aequor

257 2411 577 2495 Fecititey?
600 2416 899 2494 solidoeque
926 2419 1289 2496 pios‘telluris
1316 2420 1566 2478 alumnos
1621 2449 1624 2450 ν

259 2499 486 2575 Expulit
507 2497 565 2554 in
590 2501 787 2559 fluctus
805 2544 822 2573 ,
846 2505 1161 2581 pelagoque
1186 2504 1412 2561 immisit
1438 2505 1660 2561 hiantes
1684 2502 1714 2561 ¹?

257 2583 462 2640 Audax
487 2584 729 2660 ingenii3
759 2609 862 2644 nec
889 2590 1037 2645 enim
1063 2590 1355 2646 temeraria
1378 2581 1553 2646 vissus

172 2676 199 2686 Χ
258 2666 364 2725 Illa
381 2667 555 2744 magis
569 2711 586 2740 ‚
608 2690 835 2730 summae
852 2671 1098 2748 gelidum
1117 2692 1249 2747 quae
1272 2671 1465 2730 Pelion
1486 2675 1638 2734 Ossae

253 2754 483 2822 Junxit,
510 2754 978 2834 anhelantemque
1003 2756 1148 2833 jugis
1173 2756 1455 2832 impressit
1650 2831 1663 2841 ,
1799 2739 1868 2840 Ι

471 2844 798 2917 Olympum.
1595 2883 1596 2886 κ
1807 2860 1821 2869 ·

252 2924 442 2996 Usque
467 2928 681 2983 adeone
696 2946 892 3001 parum
913 2928 1091 2985 lentas
1106 2929 1339 2997 transite
1357 2927 1623 3004 paludes‘,

249 3007 563 3082 Staguaque
583 3052 599 3079 ,
631 3024 683 3067 et
702 3025 962 3088 angustos
979 3014 1305 3078 submittere
1323 3013 1595 3091 pontibus
1807 2972 2004 3065 l

476 3111 664 3149 amnes
682 3099 706 3157 ἲ
