2079 3613
354 287 479 346 166
664 287 1107 357 mmmmm,
1157 290 1301 343 mn.
1358 292 1460 345 Ἦ.
1556 290 1663 355 562

342 387 685 467 Appellant‚
712 389 986 465 densique
1012 389 1164 446 cient
1189 408 1331 465 vaga
1357 411 1646 450 murmura
1668 394 1840 456 Circi„

339 479 483 532 Nota
506 495 713 552 parens
740 496 926 534 cursu.
957 477 1097 551 Quis
1121 478 1392 535 Maenaliae
1417 480 1708 540 Atalantes

336 555 562 618 Nesciat
580 561 867 638 egregium
890 561 1097 633 decuS,
1127 576 1184 620 et
1207 563 1437 640 vestigia
1461 567 1677 624 cunctis

333 645 690 721 Indeprensa
714 644 945 724 procis?
966 662 1159 704 onerat
1191 649 1554 707 celeberrima
1581 664 1778 709 natum

329 733 523 786 Mater
546 749 561 802 3
591 743 650 786 et
674 731 797 807 ipse
819 731 1021 811 procul
1045 733 1193 790 sama
1219 737 1332 809 jam
1352 748 1519 793 notus
1545 737 1792 796 inermes

331 814 611 871 Narratur
628 834 824 874 cervas
848 819 1021 895 pedes
1046 820 1196 876 inter
1222 834 1417 897 aperta
1442 825 1634 899 Lycaei

329 899 555 957 Tollere
571 942 588 971 ,
619 915 674 957 et
699 902 961 960 emissum
986 922 1155 961 cursu
1180 905 1537 982 deprendere
1564 909 1759 968 telum.

323 984 579 1044 Tandem
605 1001 961 1064 exspectatus
994 992 1218 1049 volucri
1253 1011 1423 1069 super
1448 995 1665 1070 agmina
1692 995 1833 1053 saltu

327 1071 576 1144 Emicat,
607 1085 664 1129 et
692 1086 841 1131 torto
869 1074 1207 1154 chlamyden
1230 1076 1510 1135 diffibulat
1536 1100 1693 1139 aure.

320 1155 594 1217 Effulsere
612 1172 795 1229 artu5,
818 1163 1310 1238 membrorumque
1330 1165 1510 1241 omnis
1530 1178 1725 1242 aperta
1747 1178 1828 1222 cst

318 1239 539 1296 Laetitia
553 1278 571 1309 ,
593 1240 954 1320 insignesque
977 1244 1226 1318 humeri3
1248 1268 1354 1304 nec
1374 1263 1606 1323 pectora
1625 1251 1792 1309 nudis

318 1323 618 1381 Deterior-a
642 1327 829 1402 genis,
855 1325 1129 1406 latuitque
1157 1331 1216 1388 itu
1242 1352 1480 1410 corpore
1502 1335 1708 1393 vultus.

317 1409 445 1479 Ipse
466 1420 653 1466 tamen
678 1411 866 1470 formae
888 1412 1116 1472 laudem
1141 1432 1499 1494 aspernatur,
1528 1434 1586 1478 et
1612 1436 1762 1481 arcet

316 1491 605 1551 Mirantes.
639 1497 797 1553 Tunc
821 1499 1094 1558 Palladios
1117 1524 1234 1560 non
1261 1505 1466 1562 inscius
1488 1507 1723 1567 haustus

312 1577 611 1652 Incubuit,
641 1581 949 1661 pinguique
976 1601 1159 1644 cutem
1188 1591 1439 1649 fuscatur
1461 1591 1629 1652 oliv0.
1688 1618 1693 1623 ·

308 1663 438 1720 Hoc
462 1666 626 1737 Idas,
655 1667 767 1724 hoc
790 1689 945 1726 more
973 1673 1195 1744 DimaS‚
1225 1675 1429 1754 aliique
1459 1680 1758 1741 nitescunt.

307 1749 398 1806 Sic
424 1751 520 1806 ubi
546 1754 847 1830 tranquillo
868 1755 1160 1833 pellucent
1186 1761 1391 1838 sydera
1415 1774 1625 1842 ponto,

304 1833 683 1914 vibraturque
706 1842 866 1897 fretis
891 1844 1016 1903 coeli
1043 1843 1314 1905 stellantis
1339 1850 1525 1927 imago
1541 1893 1561 1922 ‚

302 1917 504 1977 Omnia
530 1915 678 1980 clara
703 1924 886 1984 nitent
905 1944 925 1985 t
949 1930 1052 1988 sed
1080 1931 1282 1989 clarior
1308 1937 1492 1993 omnia
1516 1956 1688 2014 supra

300 2005 592 2082 Hesperus
618 2024 845 2067 exercet
866 2016 1055 2071 radios
1077 2058 1093 2087 ‚
1123 2031 1481 2097 quantusque
1505 2041 1610 2097 per
1636 2022 1810 2082 altum

301 2090 560 2162 AEthera,
591 2095 842 2153 caeruleis
866 2111 1053 2158 tantus
1077 2118 1419 2164 monstratur
1442 2108 1501 2164 in
1528 2110 1713 2168 undis.

295 2175 587 2233 Proximus
610 2191 667 2235 et
691 2181 871 2237 forma
887 2225 903 2253 ‚
934 2205 1034 2243 nec
1059 2187 1293 2247 multum
1321 2193 1546 2270 segnior
1571 2197 1703 2252 Idas

301 2259 605 2333 Cui-sibae,
634 2274 803 2341 atque
829 2279 948 2327 aevo
974 2273 1130 2346 juxta
1155 2276 1314 2351 prior
1342 2296 1356 2332 ε
1385 2290 1633 2334 attamen
1655 2278 1734 2336 illi

298 2348 423 2399 Jam
444 2358 670 2405 tenuem
704 2352 944 2430 pingues
972 2358 1167 2415 florem
1194 2362 1468 2419 induxere
1494 2362 1763 2439 palaestrae
1780 2412 1801 2438 ,

298 2429 669 2510 Deserpitque
692 2438 846 2513 genis
866 2484 885 2510 ,
911 2462 1017 2500 nec
1045 2465 1102 2502 se
1128 2445 1334 2522 lanugo
1358 2448 1566 2506 fatetur

292 2516 536 2573 Intonsae
560 2518 663 2576 suh
687 2522 836 2579 nube
862 2544 1051 2586 comae.
1083 2534 1247 2588 Tunc
1273 2533 1383 2590 rite
1410 2534 1607 2593 citatds

292 2602 577 2681 Exploran
585 2619 624 2677 t,
649 2622 971 2688 acuuntque
990 2617 1216 2691 gradus,
1228 2620 1523 2695 variasque
1535 2641 1641 2694 per
1654 2627 1802 2679 artes

289 2690 656 2751 Exstimulant
679 2699 845 2754 docto
870 2699 1193 2776 languentia
1219 2704 1469 2758 membra
1494 2706 1757 2765 tumultu.

286 2772 502 2850 Poplite
522 2798 672 2836 nunc
696 2782 840 2838 flexo
863 2784 1085 2851 sidunt,
1106 2804 1268 2840 nunc
1293 2784 1506 2842 lubrica
1532 2787 1665 2846 forti

284 2859 513 2920 Pectora
539 2864 814 2921 collidunt
833 2865 1074 2939 plausu:
1102 2886 1256 2923 nunc
1282 2868 1446 2943 ignea
1472 2871 1671 2933 tollunt

285 2944 459 3001 Crura
485 2989 503 3012 ‚
537 2947 885 3024 brevemqtoe
918 2951 1105 3026 fugam
1141 2973 1248 3010 nec
1284 2955 1458 3033 opino
1488 2956 1604 3016 fine

507 3043 812 3104 reponunt.
