2079 3613
579 260 650 315 90
764 238 1280 303 AcmLLmnos,
1333 239 1474 288 ΜΒ.
1527 198 1610 287 i1.
1733 228 1862 308 399

364 334 522 389 Luce
551 353 706 390 sacra
728 334 925 410 patriis
952 330 1112 410 (quae
1130 350 1254 390 rara
1279 330 1529 409 licentia)
1558 332 1732 387 muris

363 417 659 487 Exierant,
689 418 822 474 dare
848 420 1016 477 Veris
1042 438 1212 493 opes,
1239 417 1508 490 Divaeque
1535 436 1754 473 severas

364 501 590 558 Fronde
616 502 785 579 ligare
812 523 999 560 comas
1015 545 1031 573 ‚
1060 515 1113 558 et
1141 520 1401 580 spargere
1426 499 1657 556 floribus

579 587 816 644 hastam.
1171 637 1182 644 .

361 668 633 727 Omnibus
661 671 918 729 eximium
941 675 1133 729 formae
1153 671 1328 729 decus
1357 677 1367 726 :'
1397 670 1654 728 omnibus
1673 667 1824 724 idem

361 753 594 825 Cultus;
625 769 711 823 et,
739 755 962 832 expleto
989 758 1165 814 teneri
1198 759 1313 832 jam
1339 756 1452 812 fine
1480 753 1711 831 pudoris
1734 791 1753 821 ‚

359 834 668 913 Virginitas
690 854 903 896 matura
932 843 1105 910 tori3‚
1133 842 1373 917 annique
1403 852 1700 896 tumentes.

355 922 465 977 Sed
490 937 764 998 quantum
790 925 995 981 virides
1018 926 1206 1002 pelagi
1230 928 1428 983 Venus
1450 925 1640 980 addita

586 1007 882 1082 Nymphas

358 1091 589 1158 Obruit,
619 1103 714 1146 aut
740 1091 989 1147 humeris
1016 1105 1290 1168 quantum
1317 1091 1493 1146 Diana
1521 1089 1784 1164 relinquit

358 1177 600 1235 Naiades
617 1221 631 1245 ‚
659 1176 889 1251 effulget
916 1189 1134 1233 tantum
1161 1177 1349 1254 regina
1378 1176 1571 1232 decori

355 1261 648 1317 Deidamia
678 1260 865 1331 chori,
889 1261 1249 1337 pulchrisque
1271 1261 1555 1317 sororibus
1576 1260 1779 1317 obstat.

346 1347 511 1407 Illius
538 1369 568 1404 e
593 1369 755 1405 roseo
782 1349 1096 1406 flammatur
1118 1367 1371 1425 purpura
1398 1348 1552 1405 vultu
1569 1390 1585 1418 ‚

260 1471 262 1473 >
348 1433 419 1488 Et
443 1432 673 1510 gemmis
696 1432 791 1489 lux
816 1435 996 1508 major
1019 1435 1191 1505 inest,
1223 1447 1280 1490 et
1303 1434 1558 1490 blandius
1584 1454 1775 1490 aurum
1798 1452 1813 1504 ;

351 1521 539 1593 Atque
564 1519 672 1597 ipsi
692 1539 796 1594 par
821 1521 1000 1576 forma
1019 1522 1181 1588 Deae,
1211 1521 1255 1576 si
1279 1521 1528 1596 pectoris
1555 1540 1760 1597 angues

351 1604 528 1659 Ponat
547 1645 562 1674 ,
601 1618 656 1661 et
685 1617 944 1679 exempta
975 1604 1233 1679 placetur
1261 1606 1476 1662 casside
1503 1607 1708 1663 vultus·

423 1691 588 1743 Hanc
613 1689 709 1744 ubi
732 1690 1031 1744 ducentem
1057 1689 1222 1766 longe
1251 1691 1400 1748 socia
1430 1693 1643 1767 agmina
1670 1691 1814 1747 vidit

350 1773 508 1828 Trux
531 1792 678 1847 puer
698 1816 715 1843 ‚
745 1785 803 1827 et
825 1774 981 1829 nullo
1005 1787 1307 1831 temeratus
1325 1789 1557 1852 pectora
1586 1787 1773 1845 motu,

301 1911 311 1919 ,
347 1857 616 1934 Diriguit‚
650 1859 890 1932 totisque
916 1879 1128 1916 novum
1156 1858 1295 1914 bibit
1320 1859 1534 1916 ossibus
1558 1859 1765 1935 ignem.

349 1944 470 1999 Nec
490 1944 622 2000 latet
648 1943 879 2000 haustus
905 1964 1095 2015 am0r3
1124 1944 1223 2000 sed
1247 1948 1342 2003 fax
1368 1944 1590 2004 vibrata

563 2028 819 2087 medullis
835 2071 852 2101 ‚

346 2116 414 2168 In
444 2113 632 2172 vultus
655 2155 673 2184 ‚
702 2128 870 2191 atque
897 2115 957 2171 in
977 2134 1075 2172 ora
1101 2115 1276 2188 redit,
1305 2117 1606 2193 lucemque

563 2219 834 2277 genarum

343 2283 566 2359 Tingit,
599 2298 656 2342 et
680 2284 978 2363 impulsum
1006 2286 1160 2344 tenui
1186 2286 1388 2345 sudore
1415 2301 1683 2365 pererrat.

342 2369 551 2423 Lactea
576 2371 899 2444 Massagetae
924 2372 1097 2426 veluti
1123 2392 1248 2426 cum
1267 2371 1472 2447 pocula
1499 2373 1721 2428 fuscant

341 2451 623 2527 Sanguine
651 2453 927 2527 punice0‚
972 2453 1064 2509 vel
1090 2455 1229 2510 ebur
1256 2455 1633 2532 corrumpitur
1656 2469 1806 2511 ostro
1825 2497 1839 2525 ‚

341 2534 432 2590 Sic
448 2577 464 2605 ‚
493 2537 659 2593 variis
684 2537 971 2594 manifesta
999 2537 1148 2595 notis
1172 2578 1187 2606 ,
1214 2540 1502 2615 palletque
1525 2584 1539 2607 ‚
1565 2542 1843 2616 rubetque

342 2618 585 2675 Flamma
613 2640 829 2679 recens.
857 2626 993 2692 Eat,
1015 2624 1352 2699 atque'ultro
1378 2627 1556 2694 ferus,
1584 2626 1807 2701 hospita

565 2723 721 2762 sacra

339 2789 648 2861 Discutiat‚
677 2791 855 2849 turbae
878 2810 1109 2850 securus
1124 2834 1140 2864 ‚
1172 2806 1227 2851 et
1249 2795 1541 2851 immemor
1557 2795 1666 2870 aevi
1685 2837 1703 2865 ‚

341 2876 415 2929 Ni
438 2879 626 2952 pudor
644 2922 661 2946 ,
689 2890 741 2935 et
763 2880 969 2955 junctae
995 2892 1189 2937 teneat
1216 2881 1536 2939 reverentia
1561 2883 1774 2941 matris,

337 2960 415 3017 Ut
442 2975 604 3037 pater
624 2966 864 3026 armenti
886 2966 1193 3042 quondam,
1212 2980 1516 3044 rectorque
1541 2970 1759 3028 futurus
1777 3010 1795 3042 ‚
