2079 3613
298 276 445 339 *368
586 289 1029 355 τΗΕΒΑιυοε,
1083 294 1227 342 ΜΒ.
1259 269 1413 358 [5111.
1512 293 1632 354 586

311 394 591 472 Amplexu
613 439 628 468 ‚
658 399 900 456 miscent
928 399 1104 459 avidae
1128 401 1515 477 lacrymasque
1532 444 1552 472 ,

528 501 864 560 comasque3

308 563 639 643 Partitaeque
663 581 814 625 artus
840 562 1086 649 redeunt
1113 569 1325 637 alterna
1343 587 1630 648 gementes

309 648 401 703 Ad
420 650 633 707 vultum
651 695 666 722 ,
686 658 754 718 *et
775 674 903 710 cara
922 654 1142 711 vicibus
1169 656 1382 712 cervice
1410 659 1692 713 fruuntur.

307 733 568 812 Dumque
589 737 758 795 modo
786 739 904 796 haec
926 741 1155 797 fratrem
1180 755 1480 812 memorat,
1506 762 1659 799 nunc
1680 741 1775 798 illa

531 822 794 878 maritum
813 866 829 895 ‚
908 858 913 863 =
1391 870 1399 874 <

302 904 619 982 Mutuaque
643 922 852 965 exorsae
877 908 1136 981 Thebas,
1166 914 1460 987 Argosque
1480 926 1798 984 renarrant,

301 988 551 1072 Longius
576 993 748 1071 Argia
775 995 1009 1051 miseros
1034 994 1413 1054 reminiscitur
1439 1010 1596 1055 actus
1622 1017 1637 1051 z

379 1096 408 1126 «
433 1075 535 1130 Per
560 1075 660 1132 tibi
683 1078 874 1137 furtivi
899 1100 1121 1137 sacrum
1148 1100 1439 1139 commune
1465 1082 1701 1155 doloriS,
1743 1122 1748 1129 .

307 1180 339 1205 «ι
358 1157 465 1214 Per
489 1162 671 1218 socios
689 1166 883 1221 Manes
902 1207 918 1235 ‚
948 1179 1005 1221 et
1032 1166 1255 1222 conscia
1281 1166 1463 1225 sidera
1482 1169 1636 1241 jur03

303 1263 333 1292 «τ
351 1245 474 1300 Non
499 1246 591 1304 hic
619 1250 846 1307 amissos
865 1292 881 1321 ‚
912 1272 1233 1328 quanquam
1248 1273 1423 1330 vagus
1438 1252 1596 1312 exsul
1617 1297 1634 1326 .,

523 1332 766 1393 honores
786 1379 804 1404 ,

302 1436 332 1465 σε
354 1415 483 1472 Non
509 1421 717 1495 gentile
744 1422 920 1477 solum
935 1465 950 1492 ‚
980 1443 1121 1480 carae
1143 1443 1257 1479 non
1276 1437 1513 1500 pectora
1537 1427 1760 1497 matriS‚

303 1521 332 1550 «
355 1501 433 1556 Te
461 1505 695 1581 cupiens
722 1528 888 1563 unam
909 1549 925 1578 ‚
953 1518 1261 1586 noctesque
1285 1510 1518 1586 diesque
1538 1509 1763 1567 locutus

302 1606 333 1638 «
351 1587 713 1667 Antigonem.
745 1596 863 1669 Ego
894 1614 1026 1652 cura
1052 1596 1239 1652 minor
1259 1638 1275 1667 ,
1306 1597 1593 1673 facilisque

522 1679 786 1757 relinqui.

299 1782 333 1810 α
353 1760 440 1816 Tu
467 1774 654 1821 tamen
680 1767 899 1826 excelsa
926 1768 1176 1827 sublimis
1196 1770 1428 1828 forsitan
1455 1789 1584 1827 arce
1604 1811 1622 1840 .‚

293 1867 325 1897 κ
349 1847 503 1905 Ante
515 1851 676 1908 nefas
694 1893 713 1924 ‚
744 1853 930 1930 Grajis
946 1857 1175 1914 dantem
1202 1856 1405 1914 vexilla
1430 1855 1693 1934 maniplis

296 1956 326 1985 κ
345 1935 551 1994 Vidisti
569 1981 585 2010 ‚
617 1953 784 2016 teque
803 1941 893 1997 ille
914 1943 1031 2000 acie
1052 1946 1296 2021 respexit
1307 1943 1382 2004 ab
1402 1944 1523 2020 ipsa
1564 1970 1567 1976 ¹

291 2041 322 2071 ι(
340 2022 486 2079 Ense
506 2025 832 2099 salutatam,
862 2040 919 2084 et
931 2030 1183 2085 nutantis
1206 2031 1421 2100 vertice
1449 2029 1611 2086 coni:

293 2127 322 2155 α
345 2105 463 2165 Nos
487 2111 689 2185 procul
714 2118 726 2169 Ξ
754 2116 1045 2171 Extremas
1065 2117 1163 2172 sed
1191 2116 1317 2192 quis
1336 2118 1487 2173 Deus
1518 2117 1631 2194 egit
1655 2114 1715 2184 in

504 2193 616 2250 iras
642 2192 670 2251 ’ἶ
1640 2266 1651 2271 ³
1700 2198 1702 2201 Α

287 2296 315 2325 α
338 2274 428 2329 Nil
451 2269 646 2335 vestrae
659 2281 886 2340 valuere
911 2285 1151 2359 preces?
1171 2286 1343 2343 tibine
1365 2286 1467 2343 ista
1490 2285 1715 2362 negavit

290 2379 320 2410 t<
342 2358 580 2420 Oranti?
602 2387 631 2416 2>
661 2368 866 2426 Causas
889 2389 953 2425 ac
971 2370 1151 2429 tristia
1167 2371 1406 2428 reddere
1433 2374 1584 2429 sacta

234 2481 245 2482 ἡ
285 2443 549 2523 Coeperat
573 2451 871 2529 Antigone.
887 2456 1066 2513 Fidus
1093 2458 1561 2516 comes‘admonet

502 2533 725 2595 ambas:

360 2618 541 2690 «Eia,
573 2623 720 2698 agi-te
740 2625 1030 2705 inceptum
1058 2629 1265 2708 potius,
1293 2622 1331 2685 J
1335 2650 1424 2685 am
1451 2628 1632 2687 sidera

505 2707 746 2783 pallent,
1551 2759 1584 2792 5

282 2815 311 2845 ι(
329 2791 536 2849 Vicino
552 2796 777 2853 turbata
802 2799 894 2856 die
919 2821 930 2853 :
961 2802 1207 2875 perferte
1234 2800 1488 2858 laborem
1511 2825 1522 2857 z

282 2901 309 2929 «
332 2881 581 2959 Tempus
596 2885 700 2939 erit
715 2883 978 2961 lacrymis
995 2904 1010 2944 t
1030 2905 1266 2943 accenso
1287 2886 1487 2943 flebitis
1506 2887 1653 2962 igne.
1671 2910 1701 2939 »

350 2966 515 3027 Haud
527 2968 731 3042 procul
743 2969 948 3028 Ismeni
974 2971 1356 3035 monstrabant
1370 2993 1657 3031 murmura

497 3072 650 3129 ripas
670 3094 685 3122 2
