2079 3613
296 192 420 263 154
608 200 1046 262 THEBAIDOS‚
1101 199 1239 248 ΗΒ.
1294 200 1400 249 Ἦ.
1495 198 1612 256 238

355 298 591 364 Roscida
616 302 726 374 jam
750 298 947 354 novies
974 296 1114 354 coelo
1143 295 1428 353 dimiserat
1455 310 1605 352 astra

279 386 508 440 Lucifer
525 426 540 455 ,
571 397 626 440 et
646 384 882 439 totidem
903 386 1078 438 Lunae
1096 394 1448 459 praevenerat
1470 383 1630 458 ignes
1645 424 1660 453 ‚

281 473 503 526 Mutato
524 482 833 526 nocturnus
858 489 1002 545 equo
1024 487 1037 523 ε
1067 488 1175 524 nec
1203 466 1428 525 conscia
1450 467 1592 523 fallit

204 593 205 596 =
279 558 503 627 Sidera,
534 569 592 613 et
621 558 837 613 alterno
868 555 1237 631 deprenditur
1261 574 1405 610 unus
1429 554 1489 610 in
1516 568 1664 612 ortu.

277 642 485 699 Mirum
511 663 683 718 opus,
714 641 1062 698 accelerante
1087 662 1287 712 manu,
1312 652 1423 697 stat
1450 659 1619 697 saxea

503 729 683 788 moles
713 772 730 800 ,
776 797 783 800 ἢ

273 816 577 892 Templum
608 815 803 893 ingens
839 815 1050 886 cineri,
1080 833 1380 890 rerumque
1419 814 1655 870 effectus
1689 813 1750 870 in

500 900 602 956 illo>
1267 899 1272 905 ’

275 984 436 1042 Ordo
465 985 629 1043 docet
653 1004 830 1042 casus.
858 984 1038 1041 Fessis
1056 975 1403 1042 hic'flumina
1426 992 1701 1039 monstrat

282 1070 601 1147 Hypsipyle
624 1068 862 1127 Danais:
886 1069 979 1124 hic
999 1081 1189 1146 reptat
1212 1068 1412 1124 flebilis
1429 1067 1642 1138 infans3

273 1158 382 1213 Hic
417 1160 590 1233 jacet,
629 1169 940 1213 extremum
977 1155 1177 1213 tumuli
1212 1157 1428 1214 circum
1466 1167 1691 1231 asperat

507 1244 704 1299 orbem
1447 1312 1453 1316 .

276 1328 677 1402 Squammeusg
703 1340 991 1403 exspectes
1010 1326 1304 1383 morientis
1332 1325 1404 1382 ab
1424 1345 1529 1382 ore
1549 1338 1785 1383 cruenta
1845 1385 1848 1388 ,

274 1413 477 1473 Sibila:
503 1434 809 1470 marmorea
838 1416 916 1471 sic
944 1413 1190 1473 volvitur
1211 1414 1403 1490 anguis
1430 1414 1485 1467 in
1504 1412 1685 1469 hasta.

306 1569 309 1572 Δ
351 1502 585 1575 Jamque
605 1499 829 1555 avidum
848 1520 1065 1577 pugnas
1084 1499 1300 1557 visendi
1321 1499 1520 1573 vulgus
1540 1498 1779 1556 inermes

274 1588 440 1639 Fama
463 1596 648 1641 vocat.
677 1586 910 1643 Cunctis
934 1585 1113 1653 arvis,
1134 1604 1199 1640 ac
1224 1585 1497 1642 moenibus
1522 1584 1727 1642 adsunt
1767 1641 1772 1647 ,

273 1668 478 1727 Exciti.
514 1669 600 1724 Illi
625 1672 793 1726 etiam
811 1714 826 1742 ,
852 1673 976 1748 quis
1002 1671 1132 1728 belli
1157 1671 1473 1745 incognitus
1497 1670 1699 1727 horror
1719 1714 1740 1742 ‚

273 1759 431 1829 Quos
458 1754 639 1812 effoeta
666 1757 845 1828 domi,
877 1778 1016 1834 quos
1041 1757 1223 1835 prima
1249 1756 1548 1833 reliquerat
1574 1769 1735 1830 τείας,

274 1841 652 1898 Conveniunt.
673 1845 805 1899 -Non
833 1857 929 1899 aut
950 1842 1227 1919 Ephyraeo
1252 1841 1311 1897 in
1337 1839 1525 1897 littore
1552 1853 1704 1897 tanta

271 1927 535 2002 Unquam
551 1971 566 1999 ,
588 1942 680 1986 aut
696 1931 974 1987 OEnomai
992 1930 1341 1986 fremuerunt
1364 1928 1582 2003 agmina
1604 1929 1780 1989 circo..

345 2011 594 2069 Collibus
619 2015 897 2082 incurviS,
927 2015 1206 2088 viridique
1230 2013 1450 2070 obsessa
1470 2031 1682 2070 corona

269 2093 447 2156 V'allis
483 2097 540 2151 in
573 2099 833 2174 amplexu
866 2118 1161 2154 nemorum
1198 2101 1393 2156 sedet:
1429 2098 1651 2175 hispida

402 2208 407 2213 ·
487 2200 699 2238 clrcum
1008 2206 1009 2211 ¹
1651 2196 1658 2204 ‘

267 2266 429 2321 Stant
450 2268 578 2343 juga
596 2313 614 2336 ‚
637 2281 692 2325 et
719 2269 968 2344 objectus
987 2272 1224 2345 geminis
1251 2272 1586 2330 umbonibus
1606 2292 1786 2350 agger·

265 2353 542 2428 Campum
578 2356 733 2412 exire
769 2370 957 2426 vetat,
1000 2357 1165 2436 longo
1199 2379 1367 2435 quem
1401 2361 1622 2416 tramite

485 2439 722 2513 planum

261 2522 576 2580 Gramineoe
602 2526 865 2599 frondes,
893 2520 1222 2608 sinuataque
1251 2530 1463 2609 cespite
1493 2532 1620 2590 vivo

260 2609 449 2665 Mollia
474 2631 588 2667 non
616 2612 814 2671 subitis
840 2629 1049 2692 augent
1076 2618 1292 2692 fastigia
1318 2617 1497 2673 clivis.

258 2694 382 2752 Illic
417 2699 689 2771 conferti,
716 2701 829 2774 jam
857 2703 971 2758 sole
1002 2702 1336 2758 rubentibus
1363 2699 1541 2767 arviS,

256 2778 735 2843 Bellatrixsedere
764 2789 968 2844 cohors
993 2805 1006 2840 :
1038 2786 1117 2839 ibi
1143 2804 1383 2858 corpore
1413 2783 1588 2837 mixto

258 2866 447 2921 Metiri
463 2889 755 2928 numerum
771 2916 786 2943 .,
808 2871 1107 2944 vultusque
1126 2869 1458 2947 habitusque
1479 2890 1709 2931 suorum

257 2947 436 3005 Dulce
462 2952 590 3010 viris
610 2995 626 3025 ,
654 2958 910 3032 tantique
937 2958 1094 3031 juvat
1115 2954 1323 3014 fiducia
1347 2954 1500 3016 belli.

1082 3134 1107 3158 ἱ
