2079 3613
307 248 431 309 1-38
600 248 1029 311 ΤΗΕΒΑῙυοε,
1083 246 1228 296 Lm.
1284 243 1361 294 v·
1428 238 1566 322 ‘597

295 361 480 433 Rupta
506 350 678 409 cutis:
704 350 898 406 tenuia
922 365 1046 404 ossa
1069 354 1298 422 patent3
1324 359 1616 417 nexusque

501 437 791 494 madentes

294 534 582 614 Sanguinis
618 533 801 589 imbre
826 526 998 597 novi,
1033 539 1325 602 totumque
1360 525 1418 582 in
1453 525 1688 584 vulnere

280 634 282 637 ’
515 636 740 694 corpus·

366 721 456 776 Ac
484 716 639 775 velut
661 713 880 791 aligerae
904 713 1118 780 sedem,
1147 709 1429 785 foetusque
1453 709 1707 785 parentis

293 806 437 862 Cum
467 803 626 878 piger
651 800 912 856 umbrosa
937 792 1240 873 populatus
1266 794 1325 849 in
1357 792 1487 851 ilice
1526 811 1792 870 serpens,

291 889 397 946 Illa
422 885 573 945 redit
592 930 608 957 ‚
639 884 993 964 querulaeque
1025 880 1225 938 domus
1249 879 1449 936 mirata
1484 879 1767 954 quietem,

293 976 416 1032 Stat
447 993 618 1052 super
650 968 1019 1050 impendenS,
1062 968 1443 1040 advectosque
1475 962 1711 1021 horrida

499 1070 696 1117 moesto

292 1157 517 1214 Excutit
542 1177 638 1214 ore
665 1152 821 1210 cibos
844 1170 860 1206 ε
891 1170 1019 1208 cum
1041 1147 1189 1205 solus
1214 1148 1272 1204 in
1297 1146 1496 1202 arbore
1524 1163 1650 1200 cara

295 1232 563 1318 Sangffiff,
592 1251 646 1297 et
673 1247 921 1294 errantes
949 1254 1055 1313 per
1086 1246 1252 1310 capta
1287 1229 1493 1288 cubilia
1522 1227 1745 1306 plumae.

362 1342 443 1395 Ut
465 1337 679 1411 laceros
703 1346 855 1391 artus
879 1330 1095 1409 gremio
1120 1326 1437 1387 miseranda
1464 1324 1719 1404 recepit,

296 1423 623 1499 Intexitque
651 1419 852 1490 comis,
880 1414 1111 1473 tandem
1132 1416 1320 1472 laxata
1346 1410 1540 1468 dolore

294 1510 424 1569 Vox
445 1506 658 1566 invenit
681 1507 816 1575 iter,
847 1502 1197 1578 gemitusque
1223 1501 1281 1554 in
1306 1497 1477 1556 verba
1499 1494 1700 1554 soluti:

370 1628 398 1657 α
417 1607 468 1661 Ο
488 1603 626 1659 mihi
649 1602 882 1658 desertae
906 1610 1168 1655 natorum
1191 1595 1367 1652 dulcis
1391 1594 1574 1670 imago
1592 1634 1609 1664 ‚

297 1711 327 1742 κ
348 1687 690 1744 Archemore
713 1684 726 1739 !
758 1704 791 1741 o
818 1702 1007 1741 rerum
1043 1693 1099 1738 et
1123 1678 1318 1759 patriae
1346 1678 1593 1736 solamen

514 1772 792 1850 ademptae
809 1813 825 1840 ,

295 1895 324 1924 α
345 1869 685 1947 Servitiique
712 1867 916 1925 decus!
947 1867 1047 1945 qui
1075 1879 1161 1937 te,
1189 1885 1317 1922 mea
1343 1862 1576 1939 gaudia,
1606 1868 1794 1917 sontes

290 1979 320 2008 <c
340 1956 644 2012 Extinxere
668 1954 812 2008 Dei?
830 1952 1000 2007 modo
1022 1971 1189 2025 quem
1214 1950 1463 2023 digressa
1486 1944 1692 2021 reliqui
1849 1942 1853 1949 ’

294 2062 323 2092 «
346 2037 644 2096 Lascivum
659 2077 676 2105 ‚
708 2047 768 2090 et
784 2054 968 2111 prono
987 2044 1288 2090 vexantem
1312 2033 1559 2104 gramina
1586 2023 1796 2086 cursu?

295 2146 325 2175 cc
344 2124 476 2176 Heu
499 2118 595 2173 ubi
621 2116 829 2172 siderei
851 2111 1082 2174 vultus?
1107 2112 1204 2168 ubi
1227 2113 1402 2171 verba
1425 2113 1611 2188 ligatis

293 2227 326 2259 ι(
342 2204 683 2278 {inperfecta
706 2197 896 2257 sonis?
921 2200 1177 2273 risusque
1202 2209 1261 2255 et
1288 2215 1570 2252 murmura
1590 2239 1606 2267 ,
1635 2195 1738 2255 soli

294 2313 327 2343 α
347 2288 643 2345 Intellecta
660 2282 840 2342 mihi?
855 2283 1081 2361 quoties
1099 2282 1203 2339 tibi
1220 2285 1476 2339 Lemnon
1492 2322 1510 2350 ‚
1538 2293 1596 2336 et
1613 2283 1800 2356 Argos

296 2396 326 2437 ς(
345 2375 516 2446 Sueta
534 2371 719 2448 loqui,
738 2383 794 2427 et
813 2374 979 2448 longa
998 2367 1254 2427 somnum
1274 2365 1505 2426 suadere
1527 2356 1759 2442 querela
1772 2369 1803 2421 ’ἓ

294 2483 325 2514 «
344 2459 433 2516 Sic
455 2458 720 2535 equidem
742 2455 924 2513 luctus
951 2454 1203 2524 solabar,
1233 2467 1290 2512 et
1322 2452 1502 2511 ubera
1527 2470 1706 2529 parvo

291 2569 321 2600 (c
339 2545 379 2602 J
379 2565 469 2603 am
495 2556 745 2600 materna
766 2542 966 2598 dabam
982 2583 998 2613 ‚
1025 2540 1116 2599 cui
1140 2561 1285 2598 nunc
1308 2539 1470 2600 venit
1492 2535 1685 2594 irritus
1710 2532 1794 2593 ori

292 2656 319 2685 «
339 2631 556 2701 LactiS‚
587 2642 644 2686 et
669 2627 860 2686 infelix
879 2627 937 2684 in
956 2627 1190 2686 vulnera
1214 2625 1452 2702 liquitur
1477 2623 1661 2679 imber
1675 2618 1705 2678 ⁴?

293 2740 322 2769 «
339 2720 522 2774 Nosco
546 2721 714 2772 Deos.
743 2714 796 2770 Ο
817 2714 956 2769 dura
983 2712 1095 2768 mei
1117 2709 1386 2787 praesagia
1409 2709 1626 2779 somni,

301 2830 330 2862 ι(
349 2810 739 2885 Nocturnique
765 2805 979 2864 metus!
1002 2815 1057 2861 et
1082 2821 1372 2878 nunquam
1395 2800 1629 2878 impune
1652 2815 1759 2877 per

515 2894 741 2949 umbras

300 3011 329 3042 α
351 2988 624 3046 Attonitae
641 2989 779 3045 mihi
803 2987 917 3048 visa
937 2987 1152 3051 Venus·
1181 2988 1335 3060 Quos
1358 3002 1530 3060 arguo
1550 2981 1754 3040 Divos?
