2079 3613
522 347 631 423 704
766 350 1205 417 THEBAIDOS,
1257 355 1401 406 ΜΒ.
1456 360 1563 408 v1.
1772 374 1886 435 171

465 444 686 502 Tertius
715 447 1122 524 Hippomedon
1154 450 1337 510 valida
1373 453 1446 508 ad
1480 457 1787 517 certamina

611 531 805 589 tardos
1348 588 1355 594 .
1684 606 1700 613 ,

386 617 448 667 M
454 613 620 669 olitur
639 635 873 691 gressus,
900 619 1158 699 Namque
1179 621 1336 679 illum
1358 626 1528 682 corde
1551 628 1653 684 sub
1674 630 1788 687 alto

381 698 452 752 Et
476 718 633 755 casus
665 701 928 781 Phlegyae
953 720 1146 763 movet
1163 750 1179 780 ,
1211 722 1268 764 et
1293 709 1522 767 fortuna
1548 714 1880 773 Menesthei.

381 782 557 859 Erigit
587 800 867 843 assuetum
893 791 1105 851 dextrae
1129 807 1416 868 gestamen
1437 792 1538 851 :et
1567 796 1673 854 alte

380 868 708 928 Sustentans
724 915 741 943 ,
769 875 1124 954 rigidumque
1146 878 1291 937 latus
1305 923 1321 951 ‚
1345 882 1626 958 fortesque
1645 882 1887 942 lacertos

381 953 668 1026 Consulit,
693 978 759 1013 ac
784 975 943 1017 vasto
966 977 1304 1039 contorquet
1325 966 1544 1024 turbine
1560 1010 1575 1037 ‚
1602 982 1658 1024 et
1677 973 1797 1048 ipse

373 1037 770 1114 Prosequitur:
798 1045 939 1118 fugit
964 1045 1256 1102 horrendo
1280 1071 1387 1124 per
1411 1051 1598 1108 inania
1619 1054 1790 1127 saltu,

375 1124 612 1199 Jamque
640 1126 841 1200 procul
862 1129 1122 1186 meminit
1147 1133 1390 1205 dextrae,
1417 1150 1718 1215 servatque

601 1224 851 1268 tenorem
925 1272 926 1275 ,

378 1292 607 1361 Discu53
642 1315 749 1351 nec
774 1296 944 1354 dubia
969 1301 1236 1375 iunctave
1263 1305 1600 1365 Menesthea
1618 1309 1831 1369 victum

375 1378 694 1436 Transabiit
720 1396 892 1440 meta.
920 1386 1114 1462 Longe
1140 1407 1314 1464 super
1335 1394 1529 1449 aemula
1558 1393 1710 1471 signa

373 1462 679 1537 Consedit,
702 1467 1031 1547 viridesque
1055 1470 1318 1544 humeros
1335 1518 1351 1548 ,
1377 1492 1433 1534 et
1454 1499 1630 1557 opaca
1645 1483 1879 1561 Theatri

372 1547 626 1605 Culmina
642 1594 659 1622 ,
692 1572 795 1610 eeu
819 1553 945 1612 latae
970 1559 1282 1616 tremefecit
1308 1565 1454 1621 mole
1480 1567 1673 1625 ruinae.

369 1633 547 1706 Quale
577 1640 893 1715 vaporifera
919 1663 1115 1703 saxum
1138 1646 1525 1726 Polyphemus
1546 1653 1617 1713 ab
1639 1658 1811 1719 AEtna
1844 1716 1851 1721 .

366 1719 529 1776 Lucis
558 1737 751 1797 egente
773 1747 940 1785 manu
956 1771 972 1799 ‚
1004 1742 1191 1788 tamen
1217 1733 1274 1788 in
1300 1737 1531 1813 vestigia
1552 1745 1762 1822 puppis

367 1803 589 1865 Auditae
606 1852 622 1877 ,
645 1811 920 1889 juxtaque
946 1814 1229 1874 inimicum
1262 1824 1444 1897 exegit
1471 1824 1732 1886 Ulissem.

362 1890 453 1947 Sic
480 1905 535 1949 et
562 1892 796 1968 Aloidae,
826 1918 953 1953 cum
977 1902 1092 1975 jam
1119 1902 1389 1960 celeraret
1413 1908 1722 1985 Olympum

362 1980 623 2053 Desuper
646 1984 786 2042 ossa
811 1984 1023 2062 rigens,
1053 1986 1240 2064 ipsum
1265 1989 1495 2066 glaciale
1514 1997 1782 2061 ferebant

362 2061 582 2136 Pelion,
612 2049 668 2123 e⁴t
698 2069 917 2149 trepido
944 2074 1251 2148 sperabant
1277 2078 1511 2156 jungere
1541 2082 1702 2148 coelo,

432 2152 597 2208 Tune
617 2158 838 2230 genitus
863 2159 1039 2216 Talao
1066 2160 1270 2220 victori
1299 2163 1463 2242 tigrin
1490 2166 1717 2230 inanem

358 2235 450 2290 Ire
476 2235 660 2310 jubet,
691 2242 845 2301 fulvo
872 2264 996 2320 quae
1025 2246 1361 2307 circumfusa
1388 2252 1605 2314 nitebat

358 2319 610 2398 Margine
632 2366 647 2393 ‚
670 2339 726 2382 et
754 2341 1034 2387 extremos
1055 2353 1192 2389 auro
1213 2356 1607 2402 mansueverat
1629 2366 1860 2423 ungues.

356 2401 695 2462 Gnossiacos
717 2430 880 2468 arcus
891 2412 1092 2486 habet,
1117 2432 1172 2476 et
1192 2440 1329 2497 vaga
1351 2424 1458 2478 tela
1476 2430 1860 2496 Menestheus.

363 2504 392 2535 c<
414 2486 493 2539 At
515 2488 617 2541 tibi
633 2530 648 2557 ‚
680 2491 790 2562 ait,
813 2496 1041 2573 Phlegia
1058 2541 1076 2570 ‚
1102 2522 1232 2560 casu
1251 2506 1517 2567 frustrate
1542 2514 1766 2576 sinistro
1781 2561 1798 2590 ,

362 2590 390 2620 «
408 2569 576 2628 Hunc
598 2575 887 2647 quondam
909 2586 1091 2638 nostri
1118 2585 1288 2644 decus
1303 2631 1320 2659 ,
1350 2593 1736 2674 auxiliumque

577 2657 795 2738 Pelasgi
818 2705 834 2733 ,
1354 2695 1359 2698 ⁷

366 2741 593 2826 {Ferre
630 2745 827 2804 damus
866 2748 1089 2829 (neque
1126 2755 1275 2811 enim
1309 2758 1717 2838 Hippomedon

572 2830 871 2917 inviderit)
915 2858 1130 2897 ensem.
1474 2896 1479 2902 .

353 2937 385 2970 α
405 2915 571 2978 Nunc
600 2938 742 2995 opus
766 2936 846 2980 est
874 2925 1073 2990 animis
1096 2927 1330 2988 infestos
1353 2933 1552 2994 tollere
1580 2956 1775 3003 caestus

358 3024 386 3052 «
406 3002 707 3062 Cominus:
731 3009 852 3067 haec
880 3010 1045 3071 bellis
1063 3027 1120 3071 et
1147 3019 1301 3074 ferro
1324 3024 1576 3099 proxima
1604 3030 1801 3089 virtus.
1823 3055 1854 3085 n

428 3086 971 3164 Constititlimmanis
996 3102 1156 3168 cerni
1168 3146 1188 3179 ‚
1214 3102 1583 3191 immanisque
1608 3116 1785 3178 teneri
