2079 3613
469 325 573 401 267
668 324 1101 385 ΤΗΕΒΑῙοος,
1155 324 1301 372 ΜΒ.
1351 320 1498 372 x11.
1642 312 1768 376 363

272 448 299 477 c<
320 425 378 483 Si
398 422 597 482 merui.
620 445 648 475 n
680 422 837 478 Dixit
862 438 877 475 ι
903 432 1227 496 tectumque
1258 438 1517 496 aggressa

495 509 831 585 propinquae
1177 526 1180 529 ’

270 595 552 652 Pastorale
581 615 718 651 casae
739 636 755 663 .,
787 593 972 650 reficit
993 592 1306 668 spiramina
1333 591 1460 648 sessi

274 678 425 756 Ignis
445 722 461 751 ‚
493 692 551 736 et
575 680 892 736 horrendos
922 678 1183 755 irrumpit
1209 676 1433 734 turbida
1455 696 1701 754 campos.

271 763 464 837 Qualis
485 806 502 835 ,
531 764 603 821 ab
634 765 858 823 AEtnaeis
883 784 1116 820 accensa
1140 762 1401 838 lampade
1422 762 1595 839 saxiS,

270 849 425 907 Orba
445 852 622 907 Ceres
650 870 865 925 magnae
888 849 1144 907 variabat
1164 849 1407 923 imagine
1436 848 1667 904 ssammae

268 934 583 993 Ausonium
608 934 967 1008 Siculumque
994 932 1140 989 latus
1156 976 1171 1002 ‚
1188 931 1425 1008 vestigia
1449 933 1598 1008 nigri

272 1021 569 1097 Raptoris.,
598 1032 891 1093 vastosque
916 1017 1107 1096 legens
1135 1019 1192 1073 in
1217 1017 1454 1093 pulvere
1478 1019 1675 1075 sulco&

271 1104 431 1160 Illius
462 1104 667 1162 insanis
692 1103 996 1160 ululatibus
1021 1103 1139 1179 ipse
1156 1103 1398 1178 remugit

272 1188 619 1260 EnceladuS‚
649 1202 932 1265 ruptoque
959 1188 1079 1245 vias
1107 1186 1384 1243 illuminat
1412 1188 1545 1264 igni.

275 1273 698 1351 Persephonem
729 1296 914 1333 amnes
930 1317 946 1346 ‚
971 1279 1148 1352 sylvae
1164 1316 1180 1344 .,
1210 1275 1350 1331 freta
1368 1316 1384 1345 ‚
1410 1272 1602 1330 nubila

506 1359 780 1417 clamant:

277 1443 691 1523 persephonem
714 1459 927 1504 tantum
948 1445 1126 1525 Stygii
1149 1458 1297 1501 tacet
1318 1444 1439 1501 aula
1463 1445 1670 1502 mariti.

354 1529 634 1588 Admonet
652 1532 949 1589 attonitam
965 1532 1111 1589 fidus
1125 1530 1439 1587 meminisse
1457 1529 1712 1588 Creontis

281 1613 449 1672 Altor
470 1658 486 1687 ‚
518 1630 575 1674 et
598 1619 822 1676 occulto
851 1620 1197 1676 summittere
1226 1615 1487 1693 lampada
1513 1618 1685 1674 furto.

280 1703 499 1779 Regina
524 1745 541 1773 ,
565 1705 852 1779 Argolicas
876 1706 1047 1763 modo
1074 1703 1371 1760 formidata
1397 1723 1502 1778 per
1528 1703 1699 1761 urbes
1719 1745 1737 1777 ,

280 1791 491 1845 Votum
515 1788 757 1846 immane
785 1789 976 1866 procis
994 1830 1010 1858 ,
1046 1808 1288 1866 spesque
1318 1788 1708 1864 augustissima

508 1874 690 1948 gentis
712 1916 727 1944 ‚

282 1958 460 2015 Nocte
482 1959 584 2015 sub
612 1958 815 2015 infesta
836 1977 853 2027 5
890 1954 1046 2016 nullo
1067 1955 1213 2018 duce
1235 1997 1251 2027 ,
1274 1967 1333 2013 et
1348 1955 1512 2014 hoste

492 2044 815 2121 propinquo
840 2088 858 2113 ,

281 2128 411 2186 Sola
429 2150 533 2205 per
551 2129 794 2185 offensus
804 2123 1100 2214 'armorum
1116 2172 1131 2200 ‚
1157 2143 1214 2186 et
1239 2130 1458 2188 lubrica
1481 2131 1615 2190 tabo

280 2215 578 2285 Gramina,
605 2236 718 2271 non
744 2215 1008 2273 tenebras
1034 2257 1051 2288 ,
1079 2237 1192 2274 non
1217 2217 1561 2276 circumfusa

506 2302 837 2356 tremiscens
874 2369 877 2372 η

279 2385 529 2467 Concilia
548 2385 870 2453 umbrarum
887 2428 903 2456 ,
934 2399 1105 2463 atque
1140 2389 1354 2446 animas
1377 2410 1477 2448 sua
1499 2392 1753 2450 membra

505 2483 815 2543 gementes,

282 2557 437 2632 Saepe
463 2557 644 2631 gradu
668 2575 815 2613 caeco
843 2559 1081 2630 ferrum,
1115 2557 1442 2637 calcataque
1461 2561 1572 2620 tela

282 2642 600 2699 Dissimulat
622 2684 637 2711 ,
665 2643 927 2720 solusque
955 2644 1118 2701 labor
1141 2645 1317 2703 vitare
1346 2649 1633 2721 jacenteS,

284 2731 431 2785 Dum
451 2729 616 2786 funus
634 2741 798 2805 putat
827 2749 943 2788 esse
967 2750 1130 2788 suum
1148 2753 1162 2799 3
1195 2730 1433 2807 visuque
1450 2731 1637 2809 sagaci

282 2815 533 2873 Rimatur
557 2816 775 2893 positos
799 2858 816 2887 ,
839 2830 897 2873 et
921 2837 1158 2896 corpora
1183 2838 1362 2895 prona
1387 2820 1614 2895 supinat

287 2900 624 2959 Incumbens
640 2945 656 2973 ,
689 2903 1052 2980 queriturque
1071 2925 1270 2982 parum
1293 2903 1612 2963 lucentibus

497 3001 678 3045 astris.
772 3029 775 3036 -

364 3076 528 3130 Forte
545 3075 883 3153 soporiferas
908 3076 1031 3137 coeli
1055 3090 1271 3136 secreta
1288 3099 1393 3158 per
1412 3078 1636 3138 umbras
