2079 3613
438 296 546 354 623
682 291 1128 358 THEBAIDOS‚
1180 298 1326 343 1⁴1ss·
1379 296 1455 344 V.
1673 307 1796 370 ²39

244 428 251 433 -
307 415 336 447 κ
357 393 490 470 Ipsa
524 411 632 469 ego
662 403 720 447 te
757 388 935 469 (quid
963 389 1111 447 enim
1138 390 1368 446 timeam
1393 389 1661 447 moritura

522 476 723 533 fateri.
707 473 734 513 ‘¹’
751 476 777 552 )

305 587 336 618 ι(
360 563 608 644 Exposui
631 561 779 617 satis·
802 565 941 634 Quae
966 571 1217 615 mentem
1247 558 1458 615 insania
1483 556 1720 615 traxit?

307 672 336 702 «
358 650 610 704 Tantane
642 666 732 702 me
763 657 930 701 tantae
958 656 1188 701 tenuere
1219 643 1425 699 oblivia
1454 639 1646 698 curae?

302 757 331 787 α
352 736 498 790 Dum
518 733 731 810 patrios
757 750 946 800 casuS,
976 731 1246 804 famaeque
1271 748 1471 785 exorsa
1500 737 1750 785 retracto

303 815 665 874 «Ambitiosa
691 835 853 883 meae,
882 814 1065 891 pietas
1089 813 1208 869 haec
1241 833 1474 887 magna,
1511 811 1800 886 fidesque!

300 924 334 950 α
353 899 583 957 Exsolvi
608 899 744 970 tibi,
766 900 1012 968 Lemne‚
1039 900 1217 954 nefas.
1243 895 1356 953 Ubi
1379 894 1564 953 letifer
1588 893 1802 969 anguiS,

304 1006 333 1037 «c
355 986 548 1053 Ferte,
568 983 773 1038 duces·
759 1024 774 1052 ‚
793 982 982 1037 meriti
1003 983 1048 1037 si
1069 1002 1180 1057 qua
1194 994 1277 1036 est
1296 979 1434 1036 mihi
1453 980 1628 1055 gratia
1643 978 1800 1047 duri,

297 1092 327 1121 α
350 1069 411 1125 Si
431 1067 559 1142 quis
575 1065 759 1121 honos
779 1065 964 1120 dictis·
989 1065 1110 1120 Aut
1126 1083 1228 1120 vos
1254 1063 1592 1136 exstinguite
1612 1065 1766 1121 ferro
1780 1102 1797 1132 ‚

252 1181 269 1188 -
300 1174 330 1204 α
352 1151 440 1207 Ne
468 1149 657 1206 tristes
678 1148 962 1218 dominos»,
984 1146 1291 1224 orbamque
1313 1147 1542 1203 inimica
1561 1146 1801 1203 revisam

301 1259 330 1290 α
355 1232 683 1310 Eurydicen
711 1251 726 1288 t
756 1252 1078 1310 quanquam
1102 1230 1259 1291 haud
1285 1231 1364 1289 illi
1393 1252 1517 1290 mea
1540 1251 1675 1296 cura

523 1319 764 1376 dolendo

302 1432 330 1462 α
351 1406 636 1464 Cesserit!
664 1407 864 1462 Hocne
891 1404 1076 1463 ferens
1099 1424 1238 1462 onus
1262 1403 1540 1463 illaetabile
1565 1402 1760 1462 matris

296 1516 326 1548 κ
349 1490 763 1551 Transfundam
783 1487 1041 1568 gremio?
1064 1509 1234 1567 quam
1258 1510 1347 1546 me
1379 1491 1536 1568 prius
1555 1491 1664 1545 ima
1690 1486 1795 1545 sub

511 1576 737 1633 umbras

299 1683 330 1713 α
349 1662 565 1736 Mergat
598 1660 805 1718 humus
831 1663 898 1716 Ξ»
939 1656 1117 1716 Simul
1147 1658 1271 1717 haec
1309 1671 1572 1735 terraque
1589 1699 1606 1730 ,
1641 1669 1700 1716 et

520 1745 790 1822 sanguine
822 1744 1044 1803 vultum

297 1831 535 1889 Sordida
554 1871 572 1902 ‚
599 1850 930 1905 magnorum
958 1831 1110 1886 circa
1140 1829 1373 1905 vestigia
1404 1847 1604 1903 regum

295 1918 584 1987 Vertitur,
609 1926 667 1971 et
696 1912 863 1971 tacite
883 1912 1247 1969 moerentibus
1271 1913 1514 1987 imputat
1533 1909 1725 1968 undas.

366 2003 437 2057 Et
462 2004 575 2076 jam
596 1997 841 2057 sacrifici
865 1994 1081 2053 subitus
1104 2016 1211 2072 per
1239 2007 1388 2054 tecta
1413 1995 1660 2072 Lycurgi

297 2085 549 2141 Nuntius
558 2082 817 2162 implerat
835 2081 1099 2159 lacrymis
1118 2083 1413 2160 ipsumque
1435 2081 1795 2160 domumque,

292 2168 488 2244 Ipsum
506 2170 902 2227 adventantem
921 2167 1106 2224 Persei
1129 2167 1336 2225 vertice
1357 2178 1554 2223 sancto

288 2251 523 2323 Montis,
550 2253 646 2310 ubi
671 2274 868 2313 averso
897 2251 1133 2311 dederat
1160 2264 1424 2329 prosecta
1442 2251 1722 2324 Tonanti,

288 2336 364 2392 Et
385 2350 561 2413 caput
582 2337 739 2394 iratis
762 2337 987 2395 rediens
1014 2337 1320 2414 quassabat
1348 2336 1419 2394 ab
1446 2338 1612 2395 extis.

286 2419 394 2476 Hic
417 2439 535 2476 sese
563 2418 843 2494 Argolicis
873 2422 1187 2478 immunem
1215 2432 1405 2477 servat
1436 2420 1508 2475 ab
1535 2420 1734 2491 armi5‚

287 2502 461 2559 Haud
490 2503 660 2557 animi
692 2523 931 2575 vacuuS,
970 2508 1077 2562 sed
1113 2505 1323 2582 templa
1344 2548 1361 2577 ‚
1399 2525 1617 2583 araeque

551 2584 842 2640 tenebant.

294 2667 417 2726 Nec
445 2667 583 2726 dum
613 2668 781 2725 etiam
809 2687 1083 2746 responsa
1106 2670 1289 2727 Defim
1307 2711 1323 2742 ‚
1356 2670 1719 2746 monitusque

549 2754 762 2813 vetusti

288 2836 650 2913 Exciderant,
667 2860 892 2918 voxque
914 2863 984 2901 ex
1003 2840 1190 2921 adytis
1210 2853 1447 2920 accepta
1468 2842 1787 2918 profundis:

296 2946 331 2974 σι
348 2921 527 2981 Prima
543 2967 561 2997 ‚
585 2927 849 3004 Lycurge
864 2970 882 2999 ,
905 2927 1063 2986 dabis
1089 2926 1308 2986 Dircaeo
1332 2930 1532 2986 funera
1554 2927 1725 2989 bello·
1758 2952 1788 2985 a·

292 3008 363 3066 Id
390 3022 551 3069 cavet
569 3052 585 3085 ,
614 3022 670 3069 et
695 3026 920 3074 moestus
948 3013 1120 3075 vicini
1142 3015 1379 3094 pulvere
1403 3014 1636 3089 Martis,
