2079 3613
298 300 427 371 344
566 308 1012 376 rusulum,
1066 300 1204 361 ΠΒ.
1255 315 1360 363 x1.
1456 310 1567 387 579

288 402 562 477 Excidat,
588 419 645 463 et
664 405 764 464 soli
789 419 1100 465 memorent
1124 407 1244 463 haec
1268 406 1455 484 praelia
1473 425 1652 483 reges.

361 496 441 550 At
466 495 685 570 genitor
701 536 716 563 ,
747 495 968 550 sceleris
995 507 1286 570 comperto
1306 493 1449 562 fine,
1475 491 1773 568 profundis

289 577 509 654 Erepsit
535 578 816 649 tenebriS‚
844 598 1101 654 saevoque
1128 599 1158 635 e
1191 578 1384 652 limine*
1409 579 1620 654 profert

288 661 532 718 Mortem
553 665 953 738 imperfectam.
982 664 1176 720 Veteri
1202 677 1310 721 stat
1327 662 1554 720 sordida
1582 661 1714 718 tabo
1800 667 1806 673 ’

290 744 543 822 Utraque
573 748 835 819 canities,
867 762 921 806 et
951 751 1128 806 durus
1152 748 1416 825 sanguine
1440 748 1605 805 crinis

288 829 543 887 obnubit
565 831 764 889 furiale
788 846 991 909 caput;
1016 834 1218 910 procul
1239 854 1366 902 ora,
1390 850 1655 909 genaeque

289 915 450 972 Intus
467 958 482 987 ,
508 930 565 973 et
592 917 803 974 effossae
823 917 1078 995 squalent
1097 912 1333 996 ‘vestigia
1358 918 1517 974 lucis.

289 998 470 1078 Virgo
493 1016 679 1078 autem
705 1005 978 1081 impositae
1003 1018 1278 1061 sustentat
1300 1003 1555 1079 pondera
1581 1003 1747 1071 levae,

289 1089 503 1143 Dextra
525 1089 684 1146 sedet
704 1089 941 1161 baculo;
977 1090 1157 1166 qualis
1184 1093 1254 1160 si,
1283 1110 1477 1168 puppe
1503 1089 1727 1159 relicta,

289 1172 504 1231 Exosus
530 1177 727 1232 Manes
751 1177 894 1252 pigri
921 1177 1167 1233 sulcator
1189 1175 1394 1232 Averni

286 1256 468 1316 Exeat
497 1259 570 1316 ad
595 1279 859 1338 superos;
885 1263 1168 1334 solemque
1195 1274 1251 1316 et
1277 1260 1484 1338 pallida
1506 1260 1693 1316 turbet

287 1343 455 1399 Astra
473 1385 489 1413 .,
513 1366 619 1401 nec
640 1346 762 1420 ipse
789 1346 888 1402 diu
912 1346 1106 1416 fortiS,
1137 1346 1464 1421 patiensque
1490 1344 1719 1421 superni

287 1426 471 1484 Aeris,
502 1431 726 1485 Interea
748 1430 998 1504 longum,
1028 1444 1285 1486 cessante
1311 1432 1604 1504 magistro,

291 1510 520 1569 Crescat
541 1532 685 1588 opus
701 1555 716 1584 ,
748 1513 989 1589 totisque
1013 1525 1342 1589 exspectent
1363 1512 1560 1569 saecula
1582 1513 1739 1588 ripis.

289 1594 444 1652 Talis
468 1595 571 1652 init
595 1617 875 1674 campum,
908 1598 1213 1673 comitique
1239 1611 1485 1654 extrema
1514 1596 1793 1671 gementi:

295 1700 323 1732 «
343 1681 484 1749 Duc,
513 1683 608 1752 ait,
644 1683 716 1738 ad
742 1695 919 1752 natos,
948 1696 1279 1759 patremque
1300 1681 1640 1749 recentibuS,
1670 1702 1790 1752 oro,

293 1788 323 1817 ι(
347 1766 369 1818 Ι
376 1766 524 1841 njice
552 1761 855 1825 funeribus.
878 1791 906 1822 n
937 1770 1253 1826 Cunctatur
1275 1765 1457 1824 nescia
1487 1765 1644 1840 virgo

288 1850 439 1925 Quid
468 1864 642 1928 paret.
667 1852 998 1929 Impediunt
1019 1853 1129 1911 iter
1144 1895 1160 1925 ,
1190 1852 1608 1931 implicitosque

507 1952 801 1996 morantur
1201 2007 1210 2010 ι

286 2023 485 2090 Arma,
513 2024 650 2096 viri,
682 2044 912 2096 currus3
944 2025 1170 2102 altaque
1192 2024 1250 2079 in
1271 2033 1449 2099 Strage
1477 2022 1680 2079 seniles

287 2107 565 2163 Deficiunt
591 2128 812 2183 gressus
829 2131 857 2176 ,¹
882 2121 936 2164 et
963 2108 1078 2165 dux
1104 2108 1416 2163 miseranda
1445 2108 1681 2164 laborat.

289 2192 366 2244 Ut
397 2193 623 2265 quaesita
654 2192 750 2248 diu
777 2191 1110 2252 monstravit
1141 2209 1378 2265 corpora
1403 2193 1612 2248 clamor

285 2275 565 2350 Virginis,
592 2276 848 2332 insternit
872 2288 1021 2331 totos
1047 2274 1374 2350 frigentibus
1399 2288 1565 2332 artuS.

286 2358 406 2415 Nec
433 2378 539 2416 vox
562 2359 669 2415 ulla
696 2360 830 2417 seni.
851 2363 887 2417 J
891 2373 1019 2416 acet
1036 2403 1051 2429 ‚
1078 2359 1444 2437 immugitque
1472 2360 1716 2416 cruentis

288 2441 661 2513 Vulneribus,
692 2464 798 2500 nec
827 2449 999 2501 verba
1030 2444 1129 2501 diu
1161 2458 1377 2514 tentata
1412 2458 1751 2519 sequuntur,

288 2528 435 2583 Dum
456 2541 659 2584 tractat
686 2528 890 2605 galeam,
920 2544 1089 2607 atque
1116 2551 1212 2586 ora
1238 2529 1466 2586 latentia
1495 2529 1712 2604 q'uaerit.

287 2611 534 2668 Tandem
563 2628 715 2671 muta
743 2616 935 2671 furens
961 2614 1179 2691 genitor
1203 2615 1435 2690 suspiria
1457 2613 1651 2678 solvit:

367 2723 393 2752 «
416 2700 601 2757 Tarda
632 2722 810 2757 meam
828 2745 843 2772 ‚
868 2703 1055 2758 Pietas
1073 2746 1091 2770 ,
1117 2701 1281 2775 longo
1304 2712 1432 2776 post
1458 2713 1714 2776 tempore

506 2799 757 2842 mentem

291 2894 319 2922 «
342 2869 592 2928 Percutis
614 2876 627 2925 Ξ
666 2884 747 2927 est
775 2893 844 2927 ne
870 2870 972 2926 sub
1001 2869 1112 2926 hoc
1136 2869 1375 2927 hominis
1402 2868 1698 2927 clementia

503 2956 671 3012 corde
688 2955 714 3012 ‘f'

292 3063 321 3092 κ
340 3039 540 3099 Vincis
564 3061 651 3096 me
670 3041 965 3099 miserum!
994 3040 1188 3118 vincis,
1217 3054 1441 3111 natura,
1465 3042 1787 3118 parentem!

1743 1933 1781 1968 ἱ
