2079 3613
520 320 631 377 616
748 316 1197 379 umanum,
1246 316 1387 363 un.
1435 317 1514 364 x.
1658 298 1787 362 305

375 415 571 473 Stabat
598 413 807 471 fatidici
836 430 1018 488 prope
1046 430 1185 465 saeva
1217 409 1416 464 altaria
1446 406 1585 463 vatis

292 503 528 557 Moestus
553 499 736 555 adhuc
754 540 769 567 ‚
797 495 991 573 patriae
1019 508 1236 550 tantum
1261 492 1574 549 communia
1602 492 1802 570 lugens

299 585 348 640 F
351 597 442 641 ata
468 586 677 641 Creon.
710 581 994 639 Grandem
1016 579 1187 637 subiti
1214 597 1342 636 cum
1370 576 1623 633 fulminis

521 671 692 727 ictum
713 710 729 738 ‚

299 756 428 813 Non
449 775 605 811 secus
624 775 687 811 ac
707 767 851 812 torta
877 755 1146 827 trajectus
1173 750 1406 827 cuspide
1428 760 1629 826 pectus
1645 788 1661 818 ,

298 838 515 914 Accipit
541 839 810 895 exanimis
826 880 842 907 ‚
867 838 1144 912 sentitque
1163 839 1449 892 Menoecea
1468 830 1648 911 posci.

298 923 575 977 Monstrat
602 921 749 976 enim
769 962 785 992 ,
814 919 1127 995 suadetque
1161 918 1344 975 timor.
1379 920 1582 996 Stupet
1611 914 1806 972 anxius

527 1004 642 1060 alto

299 1089 490 1146 Corda
512 1100 668 1142 metu
692 1086 969 1162 glaciante
993 1099 1180 1162 pater.
1213 1085 1506 1141 Trinacria
1535 1086 1716 1161 qualis
1792 1107 1795 1108 ⁷

301 1172 418 1229 Ora
441 1189 829 1247 repercussum
856 1170 1069 1246 Libyco
1091 1190 1244 1225 mare
1264 1169 1431 1224 sumit
1457 1168 1528 1224 ab
1552 1181 1706 1226 oestu.

302 1261 444 1313 Mox
464 1256 693 1331 plenum
713 1256 923 1312 Phoebo
943 1267 1154 1323 vatem,
1175 1268 1231 1311 et
1248 1253 1494 1310 celerare
1518 1254 1803 1330 jubentem

301 1342 353 1399 N
360 1362 470 1399 unc
495 1340 718 1397 humilis
743 1361 926 1418 genua
957 1342 1307 1417 amplectens
1323 1380 1339 1410 ,
1364 1359 1511 1396 nunc
1533 1359 1633 1396 ora

531 1440 781 1482 canenns

301 1512 695 1587 Nequicquam
716 1513 959 1569 reticere
988 1526 1170 1588 rogat.
1198 1513 1330 1568 Jam
1356 1511 1500 1567 sama
1531 1523 1803 1568 sacratam

296 1599 515 1656 Vocem
544 1598 800 1674 amplexa
828 1597 1014 1668 volat,
1049 1599 1402 1674 clamantque
1430 1597 1658 1654 oracula

521 1682 753 1739 Thebae.

373 1768 540 1823 Nunc
568 1786 676 1842 age
695 1767 819 1844 quis
847 1767 1131 1839 stimuIOS,
1163 1780 1217 1824 et
1242 1767 1493 1845 pulchrae
1519 1765 1721 1842 gaudia

518 1851 713 1929 mogt'is
1066 1876 1071 1879 ’

301 1937 609 1996 Addiderit
635 1938 826 2012 juveni
855 1936 1072 2016 (neque
1095 1936 1245 1991 enim
1272 1936 1388 1992 haec
1415 1934 1738 1992 absentibus

524 2043 772 2098 unquam

292 2109 469 2184 kMem
494 2104 714 2163 homini
737 2107 1056 2165 transmissa
1075 2103 1269 2187 Deis.)
1303 2107 1520 2164 M-nor
1547 2102 1766 2183 incipe,

529 2193 685 2264 Cli03

301 2280 511 2338 Saecula
539 2294 594 2345 te
616 2281 881 2356 quoniam
913 2300 1119 2357 penes,
1150 2292 1206 2336 et
1227 2279 1438 2355 digesta
1465 2291 1728 2337 vetustas.
1786 2298 1793 2305 ·

302 2365 446 2421 Diva
477 2364 629 2421 Jovis
656 2364 793 2420 solio
816 2367 971 2438 juxta
1000 2383 1217 2431 comes;
1244 2365 1394 2420 unde
1413 2383 1522 2438 per
1543 2365 1734 2419 orbem
1798 2398 1799 2401 =

301 2452 445 2505 Rara
475 2447 632 2515 dari,
661 2448 930 2521 terrisque
958 2447 1097 2503 solet
1126 2449 1451 2523 contingere
1481 2446 1678 2504 Virtus
1701 2466 1718 2501 t

303 2535 416 2587 Seu
438 2542 600 2606 pater
625 2531 977 2604 omnipotens
991 2530 1234 2598 *tt-ibuit,
1273 2531 1392 2587 sive
1419 2532 1541 2606 ipsa
1572 2550 1806 2605 capaces

303 2618 486 2694 Elegit
513 2628 813 2692 penetrare
833 2614 1014 2681 vix-OS,
1043 2614 1358 2670 coelestibus
1377 2627 1436 2671 ut
1463 2628 1598 2672 tunc

301 2704 520 2763 Desiliit
547 2701 728 2777 gavisa
747 2699 942 2777 plagis·
972 2701 1122 2754 Dant
1149 2698 1300 2754 clara
1318 2698 1529 2754 meanti

303 2794 461 2845 Astra
489 2789 718 2855 locum‚'
737 2805 993 2861 quosque
1025 2784 1148 2860 ipsa
1181 2782 1323 2859 polis
1350 2785 1604 2840 affixerat
1629 2783 1802 2857 ignea,

304 2877 536 2949 Jamque
560 2872 766 2946 premit
793 2884 971 2927 terras
998 2892 1011 2929 z
1036 2890 1146 2926 nee
1165 2867 1348 2927 vultus
1376 2867 1446 2925 ab
1472 2868 1681 2925 aethere

527 2956 686 3031 longe
703 3001 719 3025 ‚

307 3039 419 3102 sed
440 3040 648 3121 placuit
672 3055 891 3125 mutare
919 3061 1105 3122 genas,
1133 3041 1227 3099 Fit
1257 3037 1499 3118 provida
1521 3040 1737 3102 Manto.

933 3214 968 3234 l
