2079 3613
553 284 660 341 266
751 281 1190 344 THEBAmos,
1244 284 1388 331 mn.
1444 284 1518 331 v,
1744 277 1864 334 125

375 401 405 430 «ι
426 379 651 434 Detexit
669 420 684 448 .‚
718 392 849 434 nato
874 390 1103 454 portans
1129 389 1376 432 extrema
1403 377 1654 433 Thoanti

377 487 405 516 α
424 463 673 521 Subsidia
691 506 706 533 .,
730 476 789 518 et
815 455 989 518 multa
1013 462 1229 517 subitus
1252 481 1378 516 cum
1405 462 1529 518 luce
1551 461 1782 519 refulsit.

375 570 406 600 (ι
424 548 662 624 Agnovi.
692 549 821 605 Non
847 547 949 602 ille·
961 548 1188 621 quidem
1210 547 1492 622 turgentia
1518 547 1677 602 sertis

371 656 401 684 α
422 635 701 709 Tempora
718 676 733 703 ,
763 653 868 689 nec
894 634 1033 689 flava
1061 632 1276 687 crinem
1301 630 1632 686 distinxerat
1656 651 1764 688 uva
1785 649 1804 702 ;'

369 739 397 769 α
419 719 685 789 Nubilus,
716 719 1117 796 indignumque
1146 717 1321 773 oculis
1345 716 1689 792 liquentibus

583 803 817 858 imbiem

362 908 392 937 «c
415 886 784 962 Alloquitur.
823 888 973 942 Dum
1008 887 1122 943 fata
1158 886 1367 944 dabant
1402 887 1545 956 tibi,
1584 893 1747 958 nate,

583 985 880 1045 potentem

364 1078 394 1106 α
414 1056 673 1108 Lemnon
689 1096 704 1123 ,
735 1068 789 1109 et
816 1054 1058 1108 externis
1082 1055 1245 1109 etiam
1273 1075 1492 1112 servare
1517 1055 1822 1113 timendam

365 1161 393 1189 κ
414 1138 717 1205 GentibuS,
747 1136 900 1192 haud
925 1157 1170 1210 unquam
1192 1140 1341 1211 justo
1367 1159 1491 1194 mea
1514 1160 1646 1194 cura
1671 1139 1860 1196 labori.

363 1247 392 1277 cc
412 1224 661 1280 Destitit.
691 1222 1069 1279 Absciderunt
1094 1225 1277 1279 tristes
1307 1224 1554 1280 crudelia
1579 1227 1759 1281 Parcae

360 1332 390 1360 «
410 1308 651 1365 Stamina
668 1351 683 1378 ,
707 1328 808 1364 nec
835 1307 1027 1377 dictis,
1059 1308 1300 1384 supplex
1325 1330 1447 1384 quae
1470 1307 1709 1385 plurima
1734 1311 1857 1366 fudi

360 1418 389 1448 et
409 1397 558 1453 Ante
581 1399 617 1454 J
621 1416 780 1454 ovem
809 1395 1010 1452 frustra
1026 1439 1054 1464 ,1
1070 1394 1442 1473 lacrymisque
1468 1411 1735 1454 avertere?

567 1481 751 1538 luctus

356 1590 385 1618 «
408 1566 675 1642 Contigit.
706 1566 1012 1622 Infandum
1038 1581 1181 1624 natae
1207 1568 1481 1624 concessit
1505 1568 1800 1624 honorem.

355 1675 385 1705 α
405 1652 668 1708 Accelera
679 1665 728 1708 te
744 1652 955 1729 fugam.
969 1657 1189 1728 Tuque,
1204 1674 1237 1708 o
1251 1674 1376 1708 mea
1389 1652 1555 1728 digna
1570 1657 1853 1730 propago!

352 1760 382 1790 ι(
406 1740 534 1795 Hacv
551 1759 709 1815 rege,
735 1739 891 1815 virgo
913 1780 928 1808 ‚
962 1750 1180 1816 patrem
1199 1782 1216 1806 ,
1243 1738 1454 1817 gemini·
1474 1759 1584 1818 qua
1618 1739 1855 1795 brachia

572 1843 718 1877 muri

350 1934 378 1963 <c
399 1911 582 1966 Littus
604 1919 770 1963 eunt:
802 1906 893 1961 illa
911 1948 925 1974 ,
948 1928 1060 1982 qua
1082 1926 1208 1961 rara
1234 1905 1456 1962 silentia
1474 1949 1489 1977 .‚
1515 1920 1682 1983 porta

349 2018 379 2046 ι(
398 1996 518 2051 Stat
544 1995 762 2050 funesta
781 1992 1001 2057 Venus,
1022 1991 1285 2065 ferroque
1313 1992 1569 2049 accincta
1593 1994 1850 2048 furentes

351 2100 380 2130 α
400 2077 671 2152 Adiuvat.
703 2075 887 2154 (unde
912 2074 1153 2133 manus?
1179 2074 1326 2132 unde
1352 2075 1472 2133 hoec
1494 2077 1773 2153 Mavortia

564 2161 720 2218 Divae
1016 2212 1019 2215 ,

343 2270 371 2299 α
394 2246 626 2302 Pectora
643 2245 704 2314 ‘?)
726 2244 956 2302 Tulato
979 2258 1200 2322 patrem
1225 2245 1509 2303 committe
1537 2244 1848 2321 profundo·

343 2355 373 2385 α
392 2332 702 2388 Succedam
730 2333 898 2387 curis,
926 2336 1015 2388 Ita
1042 2333 1228 2388 satus
1213 2352 1273 2387 in
1300 2353 1430 2388 aera
1455 2349 1646 2388 rursus

342 2440 370 2470 α
391 2418 677 2474 Solvitur.
707 2428 761 2470 et
781 2428 1056 2483 nostrum,
1082 2417 1231 2473 visus
1253 2417 1571 2473 arcentibus
1591 2415 1803 2474 umbris
1824 2455 1845 2485 7

342 2520 372 2548 α
392 2498 546 2551 Mitis
567 2500 676 2550 iter
698 2497 875 2571 longae
898 2499 1134 2556 claravit
1161 2500 1337 2556 limite
1363 2502 1615 2557 flammae.

343 2600 373 2630 α
394 2581 518 2650 Qua
545 2576 675 2631 data
702 2579 890 2652 signa,
918 2599 1148 2655 sequor·
1179 2583 1315 2637 dein
1340 2604 1517 2640 curvo
1543 2582 1752 2637 robore

558 2662 809 2719 clausum

340 2771 371 2802 α
388 2744 488 2803 Dis
511 2746 732 2824 pelagi,
760 2745 1086 2824 ventisque,
1110 2760 1167 2805 et
1193 2747 1469 2827 Cycladas
1495 2747 1768 2825 AEgaeoni

341 2857 372 2886 κ
390 2832 709 2909 Amplexo,
741 2833 1074 2892 commendo
1098 2847 1335 2913 patrem.
1367 2839 1484 2891 Nec
1512 2833 1730 2891 fletibus

556 2939 805 2995 unquam

344 3022 372 3055 κ
392 2999 472 3058 Sit
496 3002 696 3060 modus
721 3002 977 3079 alternis,
1007 3007 1064 3062 ni
1090 3008 1202 3082 jam
1230 3005 1470 3064 dimittat
1497 3007 1614 3062 Eoo
