2079 3613
564 329 637 387 99
729 316 1159 390 sYLvARUM,
1210 325 1354 376 ΜΒ.
1406 327 1524 378 111.
1669 318 1794 382 503

296 417 326 450 α
355 400 404 454 Ν
411 421 518 461 unc
546 405 623 464 ibi
653 412 929 473 distinctis
954 432 1066 478 stat
1091 423 1343 496 porticus
1360 421 1470 480 alta
1499 423 1791 483 columnis.

295 505 325 534 «
344 488 424 542 Ne
450 492 706 553 sorderet
727 501 867 570 iter,
898 505 1055 562 curvi
1079 511 1144 562 ω’
1154 507 1358 564 littoris
1380 529 1477 565 ora

296 591 329 640 (ς
353 574 611 636 Clausisti
637 586 846 644 calidas
867 591 1088 664 gemina
1116 594 1401 650 testudine
1428 595 1729 672 nymphas·

292 679 322 709 α
341 656 450 716 Vix
479 684 645 741 opera
675 692 994 747 enumerem
1017 696 1030 733 z
1060 678 1197 734 mihi
1218 701 1439 758 pauper
1466 695 1521 738 et
1548 683 1767 760 indigus

512 771 612 807 um

241 900 245 909 “
290 848 318 876 «
342 827 545 891 Pollius
567 835 594 892 ’.Ρ
618 854 674 895 et
694 843 834 899 tales
852 844 1044 904 hilaris
1062 862 1246 906 tamen
1270 850 1420 909 intro
1439 868 1672 928 penates
1693 894 1713 926 ,

289 933 319 962 «
340 915 409 972 Et
432 916 586 977 littus
605 965 621 992 ‚
644 929 799 1000 quod
819 931 1023 1004 pandis
1046 975 1060 1002 ‚
1088 955 1231 992 amo,
1256 937 1370 992 Sed
1392 922 1647 1014 proxima

504 1009 700 1064 sedem
1534 1033 1538 1037 ’

291 1106 318 1134 «
349 1087 637 1164 Despicit,
671 1110 726 1152 et
757 1099 920 1158 tacite
942 1103 1093 1160 ridet
1113 1110 1232 1159 mea
1252 1107 1480 1163 numina
1505 1112 1533 1164 J
1540 1128 1675 1165 uno·

286 1192 314 1219 cc
341 1171 425 1225 Da
448 1180 719 1253 templum
737 1224 751 1251 ‚
781 1184 1087 1264 dignasque
1108 1190 1220 1257 tuis
1246 1192 1542 1248 conatibus
1569 1214 1721 1266 arem,

286 1280 313 1307 «
341 1261 491 1330 Quas
515 1283 741 1343 puppes
766 1271 906 1330 velis
930 1275 1113 1332 nolint
1149 1279 1382 1334 transire
1411 1279 1695 1336 secundis:

283 1365 312 1392 ι(
339 1348 465 1416 Quo
488 1365 652 1425 pater
672 1354 931 1416 aetherius
946 1403 961 1430 ‚
986 1362 1307 1439 mensisque
1329 1365 1508 1420 accita
1530 1369 1784 1425 Deorum

282 1449 310 1479 α
343 1431 532 1490 Turba
549 1479 561 1503 ,
586 1452 642 1495 et
658 1441 728 1495 ab
749 1444 967 1501 excelso
981 1447 1170 1505 veniat
1185 1468 1348 1504 soror
1361 1449 1584 1527 hospita
1610 1465 1786 1511 tecto.

279 1535 308 1565 κ
336 1515 454 1589 Nec
475 1532 531 1576 te
551 1565 567 1592 ,
586 1527 740 1600 quod
761 1529 969 1586 solidus
989 1547 1187 1589 contra
1206 1536 1348 1610 riget
1364 1537 1534 1592 umbo
1553 1540 1784 1614 maligni

278 1622 308 1651 ι(
329 1601 538 1661 Montis
555 1650 571 1677 ‚
602 1624 658 1664 et
674 1611 947 1670 immenso
966 1637 1082 1673 non
1110 1639 1358 1695 unquam
1384 1623 1603 1679 excisus
1629 1625 1700 1680 ab
1723 1680 1726 1685 ,

503 1713 644 1764 esve,

282 1794 309 1824 ι(
328 1776 568 1834 Terreat
600 1800 613 1837 x
651 1781 771 1859 ipse
796 1781 970 1841 adero
986 1799 1091 1868 ,·et
1120 1789 1420 1848 conamina
1446 1803 1599 1850 tanta

497 1865 705 1938 juvabo
734 1910 751 1938 ‚
1031 1931 1044 1940 ,

278 1966 306 1996 (ε
340 1946 660 2027 Asperaque
678 1954 862 2012 invitae
879 1954 1223 2031 perfringam
1246 1959 1461 2017 viscera
1487 1974 1685 2034 terraef

142 2035 145 2038 “
210 2077 211 2080 ,
279 2052 306 2081 α
329 2033 554 2109 Incipe,
582 2050 645 2093 et
666 2042 958 2097 Herculeis
986 2042 1166 2098 fidens
1191 2043 1508 2103 hortatibus
1533 2050 1701 2107 aude.

277 2141 310 2167 α
337 2118 462 2186 Nou
484 2122 826 2199 Amphioniae
847 2127 1104 2183 steterint
1133 2128 1378 2185 velocius
1394 2151 1581 2203 arceS‚

278 2225 305 2254 κ
329 2205 726 2282 Pergameusve
752 2212 914 2270 labor
935 2236 990 2267 ι).
1018 2212 1201 2286 Dixit,
1222 2230 1593 2295 ‚mentemque

498 2295 748 2372 reliquit.
1059 2321 1062 2322 ’

344 2382 393 2432 N
397 2398 463 2434 ee
483 2400 667 2450 mora,
699 2386 1017 2459 conscripta
1041 2385 1355 2455 formantur
1379 2387 1615 2465 imagine

494 2465 705 2542 templa
736 2486 749 2521 ε
1211 2521 1218 2526 .
1673 2545 1678 2550 .

270 2547 585 2608 Innumerae
610 2553 793 2609 coiere
820 2574 1036 2609 manus.
1070 2556 1175 2611 His
1201 2555 1410 2615 caedere
1434 2561 1601 2620 silvas

269 2631 338 2687 Et
364 2631 551 2692 levare
580 2637 763 2694 trabes
787 2660 799 2693 ε
824 2638 932 2694 illis
956 2639 1282 2715 immergere
1306 2660 1453 2712 ‚curae

267 2717 656 2779 Fundamenta
682 2725 826 2782 solo.
847 2725 1128 2800 Coquitur
1150 2745 1285 2801 pars
1304 2727 1470 2784 uvida
1499 2742 1575 2787 tet
1586 2751 1660 2791 rae

264 2801 593 2868 Protectura
609 2808 845 2887 hyemes
860 2854 877 2881 ,
903 2824 1075 2887 atque
1105 2810 1396 2868 exclusura
1416 2815 1677 2892 pruinas;

267 2889 699 2973 Indomitusque
723 2895 860 2953 silex
884 2915 1059 2953 curva
1085 2897 1313 2953 fornace
1341 2896 1620 2974 liquescit.
1705 2957 1726 2976 ,

264 2977 574 3053 Praecipuus
596 2982 698 3038 sed
718 2983 865 3039 enim
889 2981 1047 3039 labor
1070 2996 1152 3039 est
1176 2984 1507 3043 exscindere
1530 2988 1726 3050 dextra

265 3064 568 3142 Oppositas
585 3087 755 3144 rupes
770 3109 788 3139 ,
811 3082 867 3127 et
886 3089 1016 3125 saxa
1042 3066 1301 3145 negantia
1324 3068 1493 3128 ferro,
1525 3083 1529 3086 “
