2079 3613
1722 248 1729 257 ο

1697 264 1726 274 ς

307 302 436 367 36ο
575 270 1010 363 rhamnos,
1063 297 1207 357 mn.
1261 293 1397 343 ΧΠ.
1501 284 1606 364 ι9ῑ,

304 405 572 483 AEgrescit
599 403 746 460 curis
763 443 780 472 ‚
812 412 867 456 et
895 395 993 473 qui
1022 390 1357 453 castissimus
1385 386 1552 445 ardor
1574 428 1590 455 ‚

303 498 486 549 Funus
512 502 679 547 amat.
708 490 869 543 Tunc
885 481 957 538 ad
971 480 1203 537 comites
1222 490 1490 534 conversa
1510 473 1765 547 Pelasgas
1788 489 1803 525 ε

383 602 411 632 ιι
434 576 556 638 Vos
577 618 594 642 ‚
621 574 697 628 ait
715 614 730 641 .,
761 572 980 626 Actaeas
1009 566 1155 621 acies
1176 604 1192 633 ‚
1221 557 1692 632 Marathoniaque
1820 573 1828 577 ·

531 676 683 715 arma
1219 668 1230 677 “

312 777 340 806 α
362 746 561 811 Elicite
580 787 596 813 ‚
627 741 952 817 aspiretque
969 735 1066 813 pio
1092 736 1316 791 fortuna
1340 728 1522 788 labori
1545 732 1560 784 Ξ

313 860 342 887 ι(
363 836 456 890 Me
479 829 643 888 sinite
669 824 915 900 Ogygias
936 864 950 891 ,
982 830 1147 887 tanoee
1173 835 1295 892 quae
1323 814 1436 870 sola
1461 813 1636 887 ruinae

313 944 342 972 «
365 920 545 975 Causa
568 912 647 970 fui
668 953 684 981 ,
712 921 1007 988 penetrare
1030 905 1225 960 domos
1240 945 1256 973 ⁷
1281 915 1334 958 et
1363 899 1597 957 fulmina
1617 895 1773 972 regni

311 1031 341 1058 κ
366 1003 544 1059 Prima
567 997 708 1075 pati.
742 996 864 1052 Nec
891 993 1058 1055 surda
1083 992 1214 1046 ferae
1239 985 1584 1064 pulsabimus
1609 979 1762 1038 urbis

303 1109 346 1143 τι
367 1086 613 1144 Limina:
645 1093 774 1140 sunt
800 1079 908 1134 illic
930 1074 1110 1133 soceri
1134 1072 1270 1129 mihi
1286 1115 1302 1143 ,
1336 1083 1576 1147 suntque
1593 1086 1813 1128 sorores

317 1199 347 1227 α
370 1168 669 1247 Conjugis‚
697 1178 752 1224 et
778 1164 1004 1221 Thebas
1030 1180 1144 1216 non
1171 1156 1485 1233 ignoranda
1512 1153 1734 1212 subibo·

319 1283 349 1308 «
377 1257 507 1314 Nec
524 1266 742 1323 tantum
764 1260 1025 1306 revocate
1054 1244 1256 1322 gradus
1279 1262 1291 1298 ε
1316 1243 1411 1298 illo
1430 1241 1675 1318 impetus

540 1345 733 1414 ingens
748 1378 765 1405 ‚

244 1482 254 1499 „
319 1454 346 1484 α
378 1427 794 1504 Auguriumque
825 1417 1014 1476 animi.
1041 1440 1074 1467 υ
1097 1417 1152 1474 N
1159 1436 1218 1472 ec
1245 1414 1434 1492 plura:
1453 1432 1738 1490 unumque

539 1513 823 1568 Menoeten

320 1600 343 1678 (
364 1599 511 1656 Olim
535 1595 630 1652 hic
658 1589 894 1667 virginei
916 1600 1101 1644 custos
1121 1629 1136 1657 ,
1160 1587 1511 1661 monitorque
1529 1583 1761 1662 pudoris
1783 1585 1812 1656 )

322 1682 486 1760 Eligit
505 1724 521 1754 ‚
553 1694 611 1737 et
634 1667 961 1754 quanquam'
979 1673 1136 1731 rudis
1154 1715 1169 1745 ‚
1196 1686 1362 1748 atque
1388 1671 1582 1748 ignara

538 1767 795 1823 locorum
813 1803 831 1832 ,

319 1851 637 1928 Praecipites
662 1867 875 1925 gressus
895 1890 912 1919 ‚
945 1865 1057 1923 qua
1085 1856 1315 1901 venerat
1339 1842 1566 1900 Ornitus
1585 1883 1599 1907 ‚
1629 1839 1815 1910 affert;

272 1965 273 1968 ¹
322 1940 514 2014 Atque
541 1935 639 1992 ubi
663 1934 781 1992 visa
803 1934 1007 2011 procul
1031 1929 1209 1987 socias
1243 1911 1468 2005 liquisse
1495 1924 1768 1982 malorum
1799 1943 1814 1979 ε

399 2047 428 2075 ι(
451 2025 613 2078 Anne
629 2063 645 2090 ‚
665 2020 777 2092 ait,
798 2017 1032 2075 hostiles
1052 2036 1156 2091 ego
1177 2028 1231 2072 te
1256 2013 1481 2071 tabente
1502 2032 1606 2089 per
1633 2029 1814 2087 agros,
1851 2013 1856 2018 '

327 2133 356 2161 «
375 2110 505 2163 Heu
521 2103 711 2163 dolor!
738 2117 1058 2179 exspectem
1093 2117 1348 2175 quaenam
1373 2096 1646 2157 sententia
1674 2095 1818 2152 lenti

329 2215 359 2246 α
379 2187 674 2246 Theseos?
698 2210 770 2244 an
796 2187 944 2243 bello
972 2206 1238 2263 proceres
1258 2228 1276 2258 ,
1304 2208 1373 2241 an
1399 2185 1595 2240 dexter

547 2294 785 2350 aruspex

329 2384 357 2412 «
382 2362 597 2415 Annuat
615 2362 638 2413 ἲ
659 2357 876 2415 interea
898 2359 1067 2416 funus
1088 2356 1360 2414 decrescit
1385 2381 1398 2422 ;
1428 2366 1482 2410 et
1507 2353 1666 2409 uncis

328 2470 356 2499 «
377 2444 610 2501 Alitibus
626 2466 740 2503 non
763 2446 867 2503 hos
890 2447 1079 2524 potius
1105 2442 1471 2521 supponimus
1499 2452 1651 2496 artus
1678 2438 1707 2497 ’ἓ
1775 2509 1782 2516 x

327 2557 356 2587 α
377 2533 448 2588 Et
473 2550 622 2587 nunc
648 2552 736 2588 me
764 2531 989 2605 duram,
1020 2532 1065 2588 si
1092 2529 1218 2610 quis
1247 2529 1349 2585 tibi
1374 2546 1565 2584 sensus
1586 2566 1602 2596 ,
1633 2524 1708 2581 ad-

548 2616 775 2675 umbras

327 2730 355 2757 <c
380 2705 468 2758 Me
496 2702 710 2759 tardam
737 2704 990 2780 quereris
1015 2699 1222 2779 Stygiis
1249 2740 1263 2769 ‚
1296 2692 1561 2755 fidissime
1585 2739 1601 2767 ,
1630 2694 1812 2754 Divis·

327 2812 355 2842 ε(
377 2790 505 2844 Heu
529 2793 541 2844 Ξ
564 2787 609 2844 si
634 2789 817 2845 nudus
835 2789 1052 2857 adhue,
1079 2787 1191 2842 heu
1209 2791 1223 2841 Ξ
1244 2786 1288 2842 si
1305 2788 1417 2861 jam
1443 2787 1587 2841 forte

547 2877 799 2950 sepultus
829 2915 846 2944 ‚

328 2984 357 3036 ος
374 2962 635 3096 Nostruim
663 2953 961 3035 utrumque
989 2959 1161 3015 nefas.
1190 2956 1355 3014 Adeo
1377 2956 1456 3015 vis
1476 2954 1628 3012 nulla

591 3042 758 3100 olenti
789 3083 805 3112 ‚
