2079 3613
259 284 343 347 88
572 274 1010 337 mmmmm,
1064 263 1209 318 Lm.
1263 265 1370 314 Π.
1477 259 1571 331 141

256 386 572 448 Procubere
597 392 752 437 metu
775 396 788 431 ε
823 392 941 432 non
965 369 1105 447 ipsis
1130 362 1393 423 fratribus
1415 359 1622 416 horror

188 485 191 490 '
258 472 485 539 Abfuit,
515 467 721 543 ingenti
751 462 935 517 donec
962 458 1159 512 Peneia
1188 449 1330 508 saltu

256 560 456 632 Stagna
483 553 634 611 subit
655 592 671 619 ,
699 560 1074 622 magnumque
1099 538 1356 613 objectus
1382 529 1604 587 detinet

273 707 277 711 ,
483 655 723 695 amnem.

333 729 475 805 Quis
511 741 810 781 numerum
837 716 973 774 ferri
994 759 1009 787 ‚
1052 721 1360 789 gentesque
1401 715 1458 759 et
1493 699 1703 758 robora

490 812 646 866 dicto

266 897 530 977 AEquarit
553 891 790 951 mortale
816 883 1058 946 sonans?
1084 898 1217 939 suus
1241 875 1389 934 excit
1413 872 1472 927 in
1498 890 1651 927 arma

266 986 584 1061 Antiquam
612 973 888 1055 Tiryntha
916 975 1090 1028 Deus·
1117 968 1246 1024 Non
1277 959 1508 1017 sortibus
1532 954 1626 1011 illa

272 1068 601 1131 Infoechnda
629 1065 800 1132 viris,
827 1060 1087 1133 famaque
1116 1046 1371 1107 immanis
1397 1040 1610 1100 alumni

272 1159 591 1233 Degenerat
613 1149 748 1219 ;sed
764 1150 921 1222 lapSa
951 1144 1062 1199 situ
1086 1141 1329 1201 fortuna,
1350 1147 1537 1205 neque
1566 1122 1727 1182 addit

273 1245 475 1303 Robur
517 1256 674 1314 opes,
702 1235 886 1290 Rarus
911 1225 1103 1286 vacuis
1129 1220 1414 1277 habitator
1437 1214 1496 1268 in
1521 1210 1672 1268 arvis

274 1334 558 1386 Monstrat
581 1317 898 1399 Cyclopum
928 1314 1124 1370 ductas
1151 1302 1444 1365 sudoribus
1469 1316 1647 1354 arceS.

281 1421 396 1475 Dat
432 1429 617 1470 tamen
650 1409 766 1465 haec
804 1408 1072 1482 juvenum
1110 1404 1422 1454 tercentum
1457 1397 1725 1464 pectora,

254 1503 257 1504 ⁷
508 1496 708 1571 Vulgus

285 1600 654 1653 Innumerum
673 1584 840 1654 bello,
857 1585 1061 1661 quibus
1079 1576 1229 1637 haud
1248 1583 1491 1640 amenta,
1508 1589 1614 1626 nec
1636 1585 1797 1625 enses

288 1683 472 1738 Triste
499 1687 724 1733 micant.
754 1670 993 1728 Flavent
1025 1663 1199 1742 capiti
1222 1674 1494 1736 tergoque
1519 1654 1749 1710 leonum

290 1766 550 1834 Eximiae,
581 1757 802 1838 gentilis
823 1756 1001 1813 honos
1022 1796 1036 1822 ,
1068 1763 1124 1806 et
1150 1748 1356 1826 pineus
1383 1752 1564 1797 armat
1653 1805 1672 1815 ἐ

289 1854 508 1928 Stipes;
537 1842 882 1904 inexliaustis
910 1850 1197 1896 arctantur
1226 1833 1334 1889 tela
1362 1823 1665 1906 pharetris,

291 1937 639 1996 Herculeum
671 1934 863 1987 Paeana
895 1937 1104 1983 canunt
1128 1965 1144 1990 ‚
1174 1931 1506 1990 vastataque
1539 1904 1801 1964 monstris

293 2023 492 2084 Omnia
516 2043 531 2077 t
560 2017 825 2076 frondosa
851 2019 1077 2088 longum
1105 2010 1263 2064 Deus
1284 2000 1442 2057 audit
1469 1997 1537 2051 ab
1562 1995 1727 2052 OEta.

240 2188 249 2191 ,
299 2112 415 2167 Dat
437 2114 648 2164 Nemea
675 2102 930 2167 comites,
960 2111 1014 2153 et
1041 2111 1179 2175 quas
1204 2090 1264 2143 in
1289 2083 1474 2162 praelia
1498 2082 1647 2140 vires

298 2197 471 2254 Sacra
499 2189 739 2248 Cleonaei
770 2197 974 2263 cogunt
1003 2182 1196 2237 vineta
1221 2166 1522 2229 Molorchi.

305 2279 492 2340 Gloria
514 2290 642 2334 nota
674 2295 809 2331 casae
829 2316 842 2341 ‚
872 2268 1093 2330 foribus
1115 2257 1369 2317 simulata
1389 2251 1610 2328 salignis

310 2363 560 2439 Hospitis
597 2381 748 2416 arma
788 2357 919 2422 Dei,
952 2348 1254 2427 parvoque
1296 2336 1609 2395 ostenditur
1645 2351 1778 2389 arvo
1795 2374 1819 2401 ,

306 2456 491 2508 Robur
517 2447 613 2504 ubi
638 2460 692 2502 et
713 2446 871 2501 laxos
899 2459 1009 2515 qua
1037 2422 1399 2489 reclinaverit
1427 2435 1590 2474 arcus
1663 2452 1664 2455 κ

311 2538 446 2597 Ilice
465 2579 480 2607 7
504 2537 612 2610 'qua
640 2528 816 2588 cubiti
847 2526 1085 2581 sedeant
1111 2510 1341 2587 vestigia
1367 2521 1537 2564 terra.

385 2627 463 2680 At
491 2623 696 2695 pedeS,
726 2631 781 2672 et
811 2624 928 2668 toto
957 2608 1292 2678 despectans
1314 2593 1523 2654 vertice
1552 2583 1803 2655 bellum„

315 2696 572 2786 Quatuo'r
597 2698 883 2760 indomitis
909 2697 1214 2768 Capaneus
1240 2693 1431 2756 erepta
1459 2669 1709 2751 juvencis

316 2796 496 2871 Tel-’ga
514 2835 530 2864 ‚
560 2806 844 2864 superque
874 2781 1057 2853 rigens
1083 2774 1291 2845 injectu
1314 2763 1473 2821 molis
1498 2760 1690 2816 ahenae

317 2888 520 2939 Versat
552 2895 692 2933 onus
721 2893 735 2926 z
767 2864 1005 2949 squallet
1035 2854 1242 2934 triplici
1268 2869 1482 2908 ramosa
1514 2858 1725 2900 corona

321 2969 524 3046 Hydra
549 2979 751 3016 recens
773 2953 946 3010 obitu.
975 2954 1105 3005 Pars
1128 2940 1397 3020 anguibus
1419 2950 1619 3009 aspera
1646 2920 1790 2986 vivis

325 3057 580 3129 Argento
607 3042 797 3101 caelata
820 3040 1023 3098 micatz
1051 3052 1181 3114 pars
1206 3040 1324 3087 arte
1353 3029 1587 3098 reperta
