2079 3613
464 238 503 259 ι.
577 211 648 287 67
783 208 1222 278 sumnum,
1271 217 1412 267 un.
1461 217 1547 267 ιι.
1688 200 1839 286 ,ςφι

320 309 476 366 Muta
504 309 706 367 domus
730 310 972 386 pariter,
992 311 1343 390 desolatique
1365 318 1601 389 penates
1616 351 1633 382 ‚

321 392 393 449 Et
418 392 553 451 situs
577 394 636 450 in
661 393 955 467 thalamis.,
984 410 1043 454 et
1063 409 1257 456 moesta
1277 396 1495 455 silentia
1518 394 1741 451 mensis.

393 474 543 563 Quid
567 489 794 561 mirum,
825 503 984 549 tanto
1009 493 1056 549 si
1082 506 1136 550 te
1157 493 1285 570 pius
1307 492 1454 549 altor
1468 492 1710 548 honorat

317 577 573 635 Funere?
591 588 652 636 tu
679 577 906 636 domino
930 578 1191 655 requies·,
1220 593 1530 657 portusque
1550 589 1817 636 senectae·
1804 618 1819 648 ,

319 662 410 719 Tu
433 662 603 718 modo
629 662 881 735 deliciae,
902 664 1100 722 dulces
1107 665 1287 757 podo
1313 676 1548 742 pectore
1574 682 1740 721 curae.

302 746 450 803 'Non
476 759 531 803 te
554 746 861 804 barbaricae
884 751 1147 807 versabat
1172 748 1360 823 turbo·
1372 758 1631 807 catastae·
1617 790 1634 819 ,

317 831 372 888 N
376 850 442 888 ec
467 831 671 888 mixtus
697 831 933 888 Phariis
924 833 1142 889 venalis
1167 833 1448 891 mercibus
1471 832 1694 900 infanS,

318 915 788 991 compositosque
813 915 955 995 sales
967 960 983 986 ‚
1002 917 1383 993 meditataque
1402 902 1578 976 verba
1601 915 1820 972 locutus

319 998 572 1070 Quaesisti
595 997 837 1057 lascivus
860 1000 1056 1056 herum
1072 1041 1089 1070 ‚
1117 1001 1387 1076 tardeque
1414 1000 1641 1076 parasti.

317 1082 466 1139 Hinc
486 1083 686 1140 domus
703 1124 720 1154 ‚
746 1082 881 1140 hinc
907 1097 1099 1155 ortus;
1127 1084 1454 1161 dominique
1478 1082 1784 1161 penatibus

536 1165 670 1223 olim

313 1256 498 1401 &rus
514 1274 747 1338 uterque
772 1282 1008 1354 parens,
1039 1276 1209 1341 atque
1229 1263 1290 1321 in
1306 1275 1400 1320 tua
1418 1261 1621 1339 gaudia
1640 1259 1807 1328 liber,

369 1365 398 1401 e
417 1347 722 1421 quererere
740 1348 938 1424 genus·
961 1350 1211 1446 ΒεΡιιιιιι
1228 1360 1286 1404 te
1312 1348 1571 1424 protinus
1589 1342 1720 1402 alvo

215 1456 219 1460 ·
313 1429 548 1490 Sustulit
564 1432 877 1504 exsultans,
906 1452 970 1489 ac
994 1434 1176 1510 prima
1196 1433 1383 1490 lucida
1410 1450 1553 1489 voce

312 1519 482 1576 Astra
509 1520 840 1578 salutantem
856 1519 1233 1577 dominussibi
1250 1531 1438 1576 mente
1450 1519 1669 1577 dicavit
1695 1559 1712 1588 ‚

282 1640 285 1645 -
314 1603 743 1681 Amplexusque
770 1597 898 1661 sffiu
918 1604 1089 1675 tulit,
1116 1616 1173 1660 et
1196 1604 1454 1681 genuisse
1470 1602 1713 1680 putavit.

387 1702 496 1756 Fas
516 1699 651 1756 mihi
665 1713 984 1775 sanctffum
1005 1699 1170 1758 venia
1184 1699 1389 1758 dixisse
1412 1711 1714 1786 parentum
1735 1739 1754 1769 ‚

315 1770 550 1862 Tuque
564 1805 663 1843 οιο
679 1798 941 1857 ‚natura‚
964 1804 1110 1843 sinas
1124 1805 1265 1860 ‚6111
1291 1786 1472 1864 prima
1497 1803 1605 1862 per
1620 1782 1818 1853 orbem

313 1874 444 1926 Jura
472 1870 672 1927 animis
696 1870 911 1926 sociare
939 1869 1178 1941 datum3
1204 1889 1318 1927 non
1329 1871 1529 1926 vmhia
1553 1867 1779 1946 sanguis
1875 1883 1888 1888 ·

282 2012 286 2016 ⁴
309 1955 602 2015 Proximus
667 1969 764 2013 aut
792 1956 937 2012 serie
962 1955 1183 2033 generis
1208 1955 1450 2013 demissa
1474 1974 1730 2034 propago

314 2042 564 2117 Auigat:
550 1977 827 2099 ’ἣειίιιε
853 2061 999 2098 nova
1026 2060 1207 2117 saepe,
1230 2040 1557 2117 adscitaque
1584 2051 1819 2116 serpunt

311 2126 548 2204 Pignora
573 2126 836 2184 connexis
863 2144 876 2181 ι
908 2138 1071 2182 natos
1089 2125 1346 2202 genuisse
1368 2134 1597 2185 necesse
1624 2137 1726 2194 est,

311 2215 391 2269 At
415 2211 611 2288 legisse
635 2213 814 2287 juvat.
845 2213 1071 2269 Tenere
1098 2210 1178 2267 sic
1205 2208 1447 2274 blandus
1470 2211 1681 2268 Achilli

310 2297 547 2354 Semifer
571 2295 894 2356 AEmonium
910 2294 1178 2376 vincebat
1197 2297 1360 2353 Pelea
1376 2293 1612 2354 Chiron.

313 2384 438 2441 Nec
464 2381 681 2458 genitor
703 2380 902 2437 Peleus
919 2373 1120 2437 natum
1140 2382 1436 2437 comitatus
1455 2381 1512 2437 in
1528 2401 1682 2451 arma

312 2470 392 2524 Τι
393 2487 538 2535 01ca
570 2469 666 2521 sed
693 2486 825 2523 caro
849 2463 1086 2521 Phoenix
1109 2463 1359 2522 haerebat
1385 2453 1627 2523 alumno.
1763 2461 1772 2466 ’

312 2549 565 2633 Optabat
581 2550 746 2627 longe
773 2548 988 2606 reditus
1007 2539 1284 2610 Pallantis·
1294 2539 1534 2607 ovantes

311 2626 610 2693 Evander:
638 2634 788 2693 stdus
811 2654 1034 2711 pugnas
1055 2632 1350 2712 spectabat
1377 2635 1626 2692 Aeetes·
1611 2677 1626 2705 ,

312 2725 572 2799 Cumque
588 2715 790 2798 procul
809 2719 1004 2777 nitidis
1023 2719 1248 2797 genitor
1268 2730 1509 2774 cessaret
1537 2718 1608 2773 ab
1626 2719 1812 2794 astris,

308 2806 662 2885 Fluctivagus
687 2806 972 2866 volucrem
997 2805 1233 2863 tollebat
1257 2807 1456 2860 Persea
1483 2805 1700 2882 Dictys.

310 2894 469 2968 Quid
489 2893 747 2976 ieserang
761 2895 1017 2954 altricum
1045 2893 1227 2953 victos
1250 2890 1464 2972 pietate
1489 2883 1802 2972 parentes.
1785 2892 1814 2934 ‘¹'
