2079 3613
333 324 357 364 1
376 302 459 384 98
613 303 1018 358 THEBAmos
1035 335 1053 366 ‚
1106 303 1249 355 mn,
1302 304 1438 354 vn.
1536 302 1648 379 475

322 399 754 467 Exsanguesque
777 391 1004 446 Iocasta
1030 407 1202 464 genas
1218 429 1235 459 ‚
1261 400 1317 444 et
1338 386 1568 444 brachia
1587 390 1827 465 planctu

319 480 493 555 Nigra
516 479 729 547 ferens,
757 494 1086 551 ramumque
1113 475 1248 533 oleae
1268 516 1284 545 ,
1318 493 1448 531 cum
1473 474 1696 532 velleris
1718 479 1827 535 atri

319 561 597 630 Nexibus,
623 559 994 617 Eumenidum
1014 559 1168 618 velut
1194 559 1575 635 antiquissima
1593 601 1611 632 ,
1637 565 1817 638 portis

318 644 652 723 Egreditur,
677 665 878 721 magna
906 664 1035 701 cum
1059 646 1350 720 majestate
1378 644 1675 704 malorum.

314 733 466 789 Hinc
492 742 663 805 atque
685 728 819 785 hinc
842 741 986 792 natae
1003 770 1019 800 ,
1050 728 1295 810 melior
1279 751 1395 806 Jam
1418 749 1611 803 sexus,
1654 732 1826 790 aniles

314 817 766 892 Praecipitantem
790 827 972 887 πως,
995 828 1054 872 et
1068 792 1367 893 plusquam
1385 830 1578 894 posset
1597 829 1824 875 euntem

315 905 661 960 sustentant.
684 899 852 956 Venit
876 912 1004 957 ante
1026 899 1217 957 hostes
1234 941 1250 972 ‚
1273 914 1355 972 et,
1382 915 1617 979 pectore
1640 903 1794 960 nudo
1809 945 1828 973 ,

319 990 581 1047 Claustra
614 986 850 1047 adversa
886 987 1016 1045 ferit
1033 1027 1050 1058 ‚
1090 987 1451 1065 tremulisque
1488 988 1786 1046 ululatibus

539 1085 664 1132 orat

314 1159 575 1217 Admitti.
610 1182 640 1212 α
664 1159 928 1214 Reserate
960 1155 1114 1213 viam
1133 1195 1151 1227 ‚
1181 1167 1345 1231 rogat
1377 1155 1552 1233 impia
1580 1154 1715 1213 belli

318 1272 347 1304 κ
367 1251 552 1305 Mater
579 1268 592 1301 :
621 1244 682 1308 in
704 1244 793 1300 his
821 1243 1052 1320 aliquod
1075 1245 1162 1318 jus
1188 1242 1534 1300 exsecrabile
1563 1244 1759 1302 castris

320 1357 350 1385 ι(
369 1333 517 1391 Huic
548 1342 711 1388 utero
746 1328 860 1386 est.⁸
881 1353 916 1380 υ
948 1327 1188 1406 Trepidi
1223 1327 1403 1384 visam
1433 1330 1714 1404 expavere

536 1414 803 1491 manipli,

313 1501 699 1576 Auditamque
724 1496 919 1574 magis.
943 1498 1183 1553 Remeat
1205 1497 1322 1572 jam
1344 1497 1544 1555 missus
1575 1495 1820 1568 Adrasto

314 1585 598 1644 Nuntius:
627 1582 915 1660 excipiunt
939 1581 1105 1657 jussi,
1129 1582 1457 1659 mediosque
1485 1603 1590 1660 per
1614 1602 1775 1640 enses

313 1673 466 1727 Dant
487 1673 609 1727 iter.
638 1669 742 1726 Illa
762 1667 938 1741 duces
962 1680 1026 1724 ut
1045 1666 1289 1743 primum
1309 1668 1526 1744 aspexit
1542 1667 1815 1739 Achivos,

315 1755 634 1815 Clamorem
656 1738 1004 1811 horrendum
1027 1753 1185 1810 luctu
1208 1751 1413 1811 furiata
1438 1753 1702 1813 resolvit:

391 1865 425 1896 ι(
442 1841 692 1919 Argolici
715 1847 981 1919 proceres
998 1881 1015 1912 ‚
1043 1833 1139 1897 hei
1162 1840 1291 1918 quis
1315 1834 1712 1902 monstraverit

535 1926 759 1984 hostem

316 2037 347 2068 α
366 2015 552 2085 Quem
577 2009 821 2090 peperi.
841 2030 1085 2088 quanam
1102 2011 1389 2070 inveniam
1404 2055 1421 2087 ,
1445 2013 1585 2071 mihi
1610 2012 1779 2072 dicite
1796 2054 1814 2085 ‚

528 2110 727 2154 natum

312 2207 346 2237 a
365 2181 483 2240 Sub
502 2181 661 2259 galea
682 2177 713 2238 ⁶?
726 2203 758 2234 κ
780 2182 955 2238 Venit
981 2182 1230 2241 attonitae
1254 2181 1556 2240 Cadme‘ius
1580 2182 1749 2240 heros

310 2266 556 2336 ObviuS,
577 2278 633 2323 et
659 2279 881 2344 raptam
903 2267 1166 2345 lacrymis
1186 2268 1563 2345 gaudentibus
1581 2268 1780 2346 implet
1795 2309 1816 2340 ‚

309 2351 644 2428 solaturque
667 2363 879 2425 tenens,
910 2364 1079 2429 atque
1104 2355 1249 2412 inter
1267 2353 1481 2431 singula
1496 2395 1515 2424 .,
1542 2363 1779 2408 matrem
1798 2392 1815 2422 ,

311 2438 553 2493 Matrem
577 2436 745 2495 iterat
762 2481 782 2508 ,
805 2458 955 2497 nunc
978 2439 1161 2516 ipsam
1186 2459 1419 2515 urgens,
1446 2455 1599 2494 nunc
1626 2455 1758 2493 cara

533 2539 788 2581 sororum

309 2607 546 2666 Pectora
566 2650 583 2679 ‚
610 2627 739 2668 cum
765 2611 939 2666 mixta
963 2609 1124 2669 ssetus
1158 2626 1300 2666 anus
1333 2621 1560 2687 asperat
1590 2606 1673 2662 ira
1698 2627 1714 2661 τ

389 2715 421 2749 α
440 2693 593 2768 Quid
608 2697 807 2755 molles
821 2695 1126 2774 lacrymaS,
1145 2693 1574 2768 venerandaque
1588 2692 1819 2750 nomina

527 2778 691 2855 fingis
707 2822 724 2852 ‚

313 2863 474 2918 «Rex
504 2864 739 2941 Argive,
769 2860 955 2922 mihi?
983 2861 1123 2937 quid
1154 2857 1301 2919 colla
1333 2862 1688 2940 amplexibus

538 2949 713 3005 ambis
726 2994 747 3020 ,

316 3052 347 3084 κ
368 3030 727 3106 Invisamque
751 3031 889 3094 teris
913 3030 1126 3091 ferrato
1153 3042 1385 3112 pectore
1409 3032 1691 3096 matrem?
