2079 3613
291 240 419 311 348
579 255 1018 317 iuuenum,
1072 257 1215 305 Lm.
1266 259 1375 308 xi.
1539 256 1648 312 682

284 373 321 402 ιι
345 352 481 406 Haec
507 363 601 407 tua
627 353 809 428 prima
832 340 966 409 dies·
989 353 1103 410 Sed
1123 373 1225 423 cur
1243 373 1387 411 nova
1406 353 1693 410 contrahis

330 502 335 503 ⁷
508 457 692 493 amens
1701 446 1708 460 “

281 545 317 573 α
335 525 366 576 J
369 542 461 577 ura
484 521 513 581 ἐ’
533 523 672 598 quid
691 538 922 601 anguste
944 534 1132 579 tantos
1150 523 1363 580 metiris
1386 523 1671 582 honores?
1761 572 1764 575 ,

282 634 319 661 «ι
344 607 610 666 Exsilium
629 608 922 666 intendis?
948 609 1141 664 timida
1169 608 1529 668 inclementia
1552 629 1747 685 regum

283 721 320 748 α
342 697 484 752 Ista:
508 696 656 751 feros
671 694 863 752 avidus
878 694 1012 769 quin
1026 694 1500 770 protinusimbuis
1513 694 1709 754 enses?

283 806 317 837 α
342 782 528 838 Crede
558 801 574 851 3
600 781 734 836 licet
752 782 942 838 veniat
958 782 1198 857 cupidus
1213 803 1407 858 parere
1429 781 1667 841 satelles.

198 885 202 889 ·
285 892 316 920 α
342 866 784 942 Intrepidusque
803 879 954 922 secet
969 886 1082 921 non
1101 867 1369 924 evitantia
1381 865 1547 923 colla.
1591 898 1598 903 ,

287 977 317 1007 κ
344 954 584 1029 Incipe.
615 974 684 1008 an
702 960 1029 1029 exspectas,
1072 964 1135 1009 ut
1159 971 1372 1027 pronus
1389 950 1639 1061 supplice

499 1038 696 1095 dextra

290 1151 319 1178 α
339 1127 600 1197 Sternar,
635 1138 692 1182 et
718 1125 945 1182 immitis
965 1120 1181 1182 domini
1208 1125 1433 1201 vestigia
1455 1142 1699 1200 quaeram
1724 1127 1748 1178 ἰ’

287 1234 316 1264 α
339 1210 518 1288 Finge
538 1224 723 1268 autem
754 1224 975 1268 tentare
997 1253 1013 1282 ,
1038 1210 1179 1269 sines
1200 1209 1227 1267 ’.Ρ
1246 1211 1384 1268 mihi
1404 1232 1471 1267 ne
1489 1209 1599 1267 ulla

500 1317 727 1352 minaris
1114 1342 1120 1347 .

285 1403 316 1433 cc
337 1380 624 1457 Supplicia
646 1399 666 1450 ‚‘
685 1393 778 1434 aut
803 1381 942 1436 ullos
960 1380 1099 1436 reris
1119 1400 1412 1457 superesse
1428 1382 1654 1439 timores
1682 1379 1710 1437 ἐ’

286 1490 316 1518 α
340 1465 626 1540 Linquere
643 1479 790 1522 tecta
810 1466 972 1539 jubes
985 1468 1014 1519 ⁶?
1035 1464 1231 1521 coelum
1246 1510 1260 1533 ,
1281 1479 1568 1543 terrasque
1584 1467 1786 1543 reliqui

215 1607 227 1615 ‚
287 1574 317 1602 α
342 1551 557 1625 Sponte
577 1595 590 1621 ‚
619 1554 783 1627 atque
804 1550 1062 1607 ultricem
1074 1552 1316 1608 crudelis
1333 1553 1386 1610 in
1404 1575 1500 1610 ora
1513 1554 1714 1610 retorsi

285 1658 314 1688 κ
334 1637 386 1691 N
391 1656 464 1691 on
481 1637 594 1692 ullo
619 1653 853 1715 cogente
874 1680 890 1705 .,
921 1659 1164 1709 manum.
1193 1640 1344 1712 Quid
1369 1631 1480 1695 'tale
1502 1641 1694 1716 jubere
1713 1682 1730 1710 ,
1757 1688 1762 1691 .

284 1743 318 1771 κ
337 1722 497 1778 Rex'
482 1721 732 1794 inimice,
757 1722 961 1801 potes?
981 1724 1168 1800 sugiO,
1194 1725 1519 1801 excedoque

499 1809 762 1867 nefandis

197 1964 200 1968 ‚
281 1915 317 1950 <t
342 1892 594 1951 Sedibus·
625 1899 716 1953 An
745 1899 917 1954 refert
937 1918 1052 1973 quo
1080 1900 1272 1954 funera
1290 1851 1493 1974 longa,
1522 1917 1786 1974 measque

284 2004 313 2034 α
335 1966 414 2037 Tr
419 1996 754 2080 ansportem·
759 1983 960 2040 teneb1
964 1986 1064 2039 as?
1091 2006 1158 2040 ne
1180 2005 1293 2040 non
1314 2005 1447 2060 gens
1474 1996 1676 2042 cuncta

499 2088 570 2143 pi
574 2068 755 2124 ecanti

283 2175 312 2205 ιε
331 2152 626 2208 Concedat
642 2196 658 2222 ‚
688 2137 881 2229 patriae
903 2167 1176 2230 quantum
1199 2158 1363 2213 miser
1377 2157 1581 2213 incubo

497 2248 654 2292 terrae
672 2235 698 2293 ’.Ρ

284 2343 311 2372 α
332 2318 441 2376 Sed
463 2319 656 2376 dulces
683 2322 936 2382 Thebae:
963 2325 1220 2386 nimirum
1238 2325 1332 2381 hic
1350 2324 1548 2381 clarior
1568 2335 1762 2398 ortuss

279 2429 312 2454 «e
331 2405 401 2459 Et
421 2404 644 2462 meliora
662 2428 812 2465 meos
826 2417 1185 2486 permulcent
1199 2412 1385 2467 sidera
1402 2408 1604 2466 vultus.

280 2512 310 2543 κ
332 2491 439 2545 Ηίο
465 2492 706 2567 genitrix
731 2538 748 2565 .‚
777 2498 1025 2573 natique.
1053 2498 1276 2554 Habeas
1299 2496 1570 2553 Thebana

498 2599 769 2656 regasque

279 2687 310 2715 «
332 2664 543 2720 Moenia
565 2707 580 2735 ‚
611 2688 726 2742 quo
747 2670 994 2726 Cadmus
1010 2712 1025 2738 ‚
1052 2663 1343 2745 quoLaius
1362 2669 1548 2725 omine
1563 2668 1735 2738 rexit,
1764 2692 1773 2697 ·

279 2773 309 2802 α
331 2753 578 2826 Quoque.
600 2772 721 2827 ego.
747 2754 837 2810 Sic
848 2754 1153 2821 thalamos,
1178 2755 1254 2809 sic
1270 2754 1504 2829 pignora
1531 2752 1645 2809 fida

499 2841 753 2911 capessas
773 2880 790 2906 ‚

277 2946 306 2975 α
330 2923 448 2977 Nec
471 2921 573 2976 tibi
599 2923 669 2977 sit
695 2923 872 2978 virtus
899 2923 1178 2978 fortunam
1199 2923 1431 2978 evadere
1459 2921 1689 2981 dextra:
1761 2953 1770 2974 ³

204 3055 207 3058 ,
277 3031 308 3062 α
325 3006 439 3066 Sed
461 3006 641 3066 lucem
665 3006 976 3083 deprensus
1001 3028 1152 3104 ames
1178 3014 1192 3064 ἒ
1226 3009 1358 3067 satis
1377 3010 1572 3098 omnia
1596 3008 1777 3068 sanxi.
