2079 3613
571 306 640 362 88
775 280 1231 364 THEBAIDOS,
1283 301 1587 354 12113.⁸1x.
1729 291 1853 373 247

352 406 477 462 Nec
499 422 679 480 prope
707 399 906 459 collata
929 399 1226 476 sprevisset
1251 396 1484 475 cuspide
1510 397 1729 455 Mavors
1747 442 1764 469 ,

348 487 700 546 Adventant.
730 489 943 543 Contra
977 485 1212 541 collecta
1240 496 1302 539 ut
1332 496 1564 559 pectora
1588 502 1795 559 parmae

347 569 580 629 Fixerat
595 613 611 641 ‚
631 584 804 648 atque
831 571 1050 626 hastam
1075 569 1241 645 longe
1256 567 1630 645 protenderat
1647 611 1662 638 ,
1684 568 1859 626 haeret

349 657 572 713 Arduus
599 657 1022 732 Hippomedon.
1045 656 1166 710 Ceu
1187 652 1451 713 fluctibus
1477 653 1644 710 obvia
1667 672 1859 729 rupes»,

349 743 453 799 Cui
478 764 664 819 neque
692 742 762 797 de
790 742 930 799 coelo
955 753 1137 797 metus
1154 783 1171 814 ‚
1204 753 1261 797 et
1287 741 1460 797 fracta
1486 759 1710 816 aequora

565 827 807 885 cedunt:
1216 822 1219 827 ⁵

348 925 471 980 Stat
498 924 717 980 cunctis
741 925 966 978 immota
989 922 1154 977 minis
1176 940 1190 975 ε
1215 922 1372 977 timet
1397 921 1513 996 ipse
1541 922 1819 999 rigentem
1859 918 1866 925 ’

347 1009 592 1073 Pontus.‚
624 1020 679 1062 et
708 1027 780 1061 ex·
804 1009 915 1060 alto
941 1006 1152 1060 miserae
1177 1025 1380 1061 novere
1406 1007 1618 1063 carinae.

349 1086 515 1144 Tunc
542 1089 702 1164 prior
730 1087 985 1143 Aonides
1010 1106 1024 1141 ε
1056 1084 1332 1164 (validam
1367 1087 1530 1145 simul
1567 1088 1717 1146 elicit

573 1170 824 1252 hastam)

430 1292 460 1321 «
478 1271 606 1324 Non
623 1272 796 1345 pudet
815 1268 919 1324 hos
936 1288 1143 1336 manes,
1166 1266 1278 1324 hoc
1303 1267 1624 1326 infamantia
1649 1269 1856 1326 bellum

356 1379 384 1408 κ
402 1358 636 1426 Funera,
651 1358 758 1417 ,Dis
780 1375 969 1411 coram
989 1397 1005 1426 ‚
1033 1369 1091 1412 et
1112 1355 1252 1412 coelo
1273 1354 1649 1432 inspectante,
1669 1353 1855 1414 tueri?

265 1462 266 1469 ¹
353 1466 383 1496 κ
401 1442 619 1522 Scilicet
647 1443 904 1519 egregius
929 1441 1130 1509 sudor,
1159 1438 1630 1517 memorandaque
1653 1440 1847 1512 virtus,

352 1551 381 1582 α
402 1531 565 1586 Hanc
590 1529 870 1586 tumulare
897 1529 1070 1584 feram
1093 1524 1121 1582 ’.Ρ
1143 1548 1214 1582 ne
1241 1547 1355 1582 non
1379 1528 1745 1587 moerentibus

529 1617 713 1690 Argos
787 1658 791 1663 .

350 1721 379 1750 α
401 1698 691 1771 Exsequiis
716 1695 1112 1774 lacrymandus
1139 1695 1272 1755 eat?
1297 1695 1562 1773 mollique
1589 1697 1804 1759 feretro

352 1805 381 1834 α
402 1781 704 1837 Infandam
734 1784 977 1855 ejectans
1001 1783 1243 1837 saniem?
1271 1781 1544 1839 dimittite·
1560 1802 1749 1840 curam
1772 1800 1787 1838 z

354 1889 383 1917 α
400 1864 577 1922 Nullae
596 1864 753 1922 illum
777 1863 1067 1935 volucreS,
1095 1865 1247 1920 nulla
1273 1867 1446 1940 impia
1470 1861 1718 1922 inonstra
1733 1907 1749 1937 ,

568 1969 672 2006 nec
699 1948 821 2025 ipse
840 1990 856 2017 ‚

350 2072 378 2102 «
404 2049 462 2105 Si
491 2047 710 2117 demus,
736 2047 867 2125 pius
891 2047 1034 2123 ignis
1060 2047 1206 2105 edat.
1223 2074 1253 2101 n
1284 2050 1404 2106 Nec
1432 2050 1590 2127 plura
1613 2067 1628 2118 ;
1657 2046 1757 2104 sed

570 2132 769 2209 ingens

347 2231 637 2307 Intorquet
659 2232 904 2308 jaculum
930 2272 947 2302 ,
978 2233 1124 2291 duro
1149 2233 1304 2311 quod
1329 2233 1383 2290 in
1410 2252 1518 2291 aere

570 2332 845 2376 moratum
864 2362 880 2391 ‚

344 2418 393 2469 T
399 2415 863 2495 ransmissumque
893 2427 1084 2472 tamen
1104 2418 1293 2494 clypei
1320 2419 1475 2474 stetit
1494 2417 1639 2473 ‘orbe

572 2499 841 2553 secundo.

343 2593 486 2653 Inde
512 2592 718 2649 Pheres
734 2631 752 2662 ‚
779 2589 1019 2667 acerque
1047 2597 1267 2668 Lycus:
1293 2599 1391 2653 sed
1417 2617 1567 2653 cassa
1588 2587 1845 2651 Pheretis

337 2679 518 2737 Hasta
541 2676 719 2748 redit3
749 2682 933 2753 Lycus
957 2677 1179 2735 excelso
1203 2693 1415 2738 terrore
1440 2667 1757 2737 comantem

337 2764 674 2823 Perstrinxit
694 2764 913 2842 galeam
936 2782 950 2818 ε
979 2765 1258 2823 convulsae
1283 2759 1517 2844 cuspide
1543 2763 1706 2844 longe

339 2853 626 2929 Diffugere
649 2850 825 2925 jubae,
858 2852 1153 2929 patuitque
1182 2852 1413 2932 ingloria
1443 2852 1628 2928 cassis·

341 2937 473 3010 Ipse
501 2956 607 2991 nec
631 2933 713 2991 ire
741 2947 893 2991 retro
913 2979 928 3005 ‚
968 2957 1072 2994 nec
1100 2937 1157 2993 in
1187 2937 1353 2995 'obvia
1379 2938 1631 3016 concitus
1651 2961 1800 2997 arma

342 3019 539 3075 Exsilit
557 3060 572 3089 ,
596 3019 764 3096 inque
794 3020 991 3076 eadem
1014 3041 1134 3079 sese
1160 3023 1638 3102 vestigiasemper
