2079 3613
502 292 586 382 '67
681 304 1118 368 sumntum,
1170 307 1311 369 ψ.
1359 304 1465 356 1v.
1607 292 1736 377 549

214 399 348 461 ,Seu
369 398 610 455 clausam
636 392 834 474 magna
852 399 1136 477 Babylona
1154 401 1468 476 refregerat
1484 399 1645 457 hasta
1660 441 1678 470 ,

233 484 345 539 Seu
371 468 596 560 Pelopis
621 496 836 553 terraS,
866 483 1298 559 libertatemque
1327 483 1642 558 Pelasgam

235 554 515 623 Obruerat
539 566 728 623 bello:
758 567 1045 643 longoque
1074 585 1141 622 ex
1162 567 1378 642 agmine
1404 566 1640 624 laudum

234 652 431 706 Fertur
455 650 752 708 Thebanos
782 663 1002 707 tantum
1024 669 1318 707 excusasse
1339 649 1667 727 triumphos

235 734 339 792 Ille
367 737 531 793 etiam
551 776 569 807 ,
595 755 825 811 magnos
851 736 979 794 fatis
1001 735 1394 812 rumpentibus
1418 747 1577 792 actus
1594 775 1609 804 ‚

237 819 383 874 Cum
409 819 655 878 traheret
672 819 836 877 letale
856 841 1075 897 merum
1092 861 1108 892 ,
1134 821 1247 895 jam
1268 819 1468 899 mortis
1492 812 1672 896 opaca

239 904 401 961 Nube
427 907 612 979 gravis
629 946 647 976 ,
676 905 864 963 vultus
887 905 1025 963 alios
1044 906 1105 961 in
1130 906 1357 964 n'umine
1377 925 1508 962 caro

242 989 484 1064 AEraque
509 990 785 1066 supremis
806 990 988 1046 tenuit
1006 989 1260 1046 sudantia
1279 989 1500 1046 mensiS.

242 1077 378 1132 Mox
405 1073 818 1130 Nasamoniaco
846 1071 1016 1129 decus
1043 1071 1370 1129 admirabile
1393 1072 1512 1148 regi

239 1160 587 1229 Possessum,
613 1158 860 1235 fortique
881 1160 1014 1225 Deo
1039 1150 1237 1214 libavit
1260 1157 1511 1213 honores
1569 1204 1572 1207 ,

242 1243 471 1319 Semper
495 1254 658 1300 atrox
681 1242 878 1300 dextra
893 1284 910 1312 ,
935 1245 1281 1320 perjuroque
1301 1259 1441 1298 ense
1471 1241 1751 1317 superbus

243 1325 514 1384 Annibal.
546 1327 755 1384 Italicae
777 1329 1064 1406 perfusum
1088 1327 1359 1404 sanguine
1382 1325 1563 1404 gentis
1582 1365 1602 1396 ,

243 1411 491 1489 Diraque
517 1415 808 1472 Romuleis
824 1426 1149 1492 portantem
1171 1411 1436 1497 incendia
1455 1411 1618 1468 tectis

243 1496 493 1571 Oderat,
518 1511 583 1558 et
609 1519 736 1558 cum
763 1500 991 1600 epulas,
1001 1511 1078 1557 et
1101 1490 1232 1557 cum
1251 1502 1477 1559 Lernaea
1501 1496 1738 1555 dicar-et
1763 1506 1767 1510 “
1792 1576 1796 1580 ,

244 1583 406 1639 Dona
425 1589 621 1655 ,Deus
640 1587 837 1643 castris
859 1604 1101 1641 moerens
1126 1603 1315 1639 comes
1338 1581 1447 1638 isse
1479 1582 1760 1653 ιιεΐειηᾶὶεῖ
1792 1583 1795 1587 ’

244 1666 528 1743 Praecipue
558 1688 686 1724 cum
704 1668 972 1745 sacrilega
998 1669 1121 1724 face
1150 1666 1374 1723 miscuit
1394 1684 1551 1722 arces

245 1750 435 1829 Ipsius
453 1792 470 1824 ,
497 1751 899 1832 immeritaeque
919 1756 1117 1822 domos
1143 1771 1205 1810 ac
1226 1750 1439 1829 templa
1462 1752 1698 1830 Sagunti

246 1833 450 1892 Polluit
466 1877 482 1907 ,
511 1849 567 1893 et
584 1838 809 1917 populis
834 1840 1006 1896 furias
1029 1837 1255 1894 immisit
1271 1836 1569 1912 honestas5

247 1922 366 1975 Nec
390 1933 521 1997 post
550 1923 766 1980 Sidonii
791 1922 966 1981 letum
991 1921 1185 1992 ducis,
1219 1941 1326 1979 aere
1347 1922 1534 1998 potita

248 2004 487 2081 Egregie
507 2007 726 2081 plebeia
746 2010 946 2067 domus
969 2026 982 2063 ε
1014 2003 1272 2065 convivia
1296 2005 1461 2083 Syllae

249 2090 506 2147 Ornabat
524 2134 540 2163 ‚
568 2112 789 2172 semper
809 2094 992 2164 claros
1016 2094 1227 2149 intrare
1248 2102 1484 2169 penates
1545 2111 1567 2156 '.

178 2183 183 2189 ’
252 2174 559 2233 Assuetum
570 2219 587 2247 ,
609 2192 667 2235 et
684 2178 820 2239 felix
836 2178 1195 2235 dominorum
1209 2187 1500 2233 stemmate
1516 2174 1756 2251 signum4

330 2261 385 2317 N
387 2282 495 2319 unc
515 2275 775 2342 quoque,
797 2266 877 2346 (si
895 2258 1104 2335 moreS‚
1125 2263 1733 2350 humanaque‘pectora

468 2368 612 2406 curae

258 2430 440 2486 Nosse
462 2433 632 2509 Deis)
650 2427 770 2489 non
783 2434 908 2490 aula
929 2399 1191 2509 quidem,
1222 2432 1553 2507 Tirynthie,
1574 2450 1679 2488 nec
1704 2444 1761 2489 te

259 2515 466 2590 Regius
483 2517 658 2574 ambit
679 2517 894 2576 honos.
919 2516 1021 2575 sed
1044 2529 1226 2588 casta,
1256 2517 1556 2593 ignaraque
1582 2517 1762 2593 culpae

255 2599 420 2657 Mens
442 2598 685 2673 domini,
715 2604 806 2661 cui
826 2603 1011 2681 prisca
1035 2603 1206 2674 fides,
1232 2612 1537 2677 coeptaeque

484 2707 740 2765 perenne
808 2718 815 2723 ⁴

258 2770 456 2831 Foedus
475 2773 724 2831 amicitiae
754 2792 768 2829 :
797 2773 1138 2845 scit,-adhuc
1160 2774 1398 2834 florente⁴
1412 2773 1519 2830 sub
1536 2791 1653 2833 aevo
1669 2815 1687 2843 ,

260 2856 368 2912 Par
392 2859 605 2935 magnis
620 2860 889 2920 Vestinus
911 2860 1027 2917 avis
1041 2898 1058 2929 ,
1087 2877 1255 2933 quem
1272 2870 1443 2918 nocte
1469 2858 1679 2935 dieque

270 2940 485 3016 Spirat,
507 2946 639 3001 etin
661 2965 801 3003 carae
821 2944 961 3004 vivit
987 2941 1373 3019 complexibus
1398 2941 1627 3000 umbrae.

268 3023 380 3086 Hic
409 3027 575 3106 igitur
599 3030 701 3092 tibi
725 3032 851 3096 laeta
878 3028 1071 3115 quies,
1101 3028 1404 3112 fortissime
1426 3025 1661 3100 Divcun,
