<?xml version="1.0" encoding="UTF-8"?>
<!DOCTYPE html PUBLIC "-//W3C//DTD XHTML 1.0 Transitional//EN"
    "http://www.w3.org/TR/xhtml1/DTD/xhtml1-transitional.dtd">
<html xmlns="http://www.w3.org/1999/xhtml" xml:lang="en" lang="en">
 <head>
  <title>
</title>
<meta http-equiv="Content-Type" content="text/html;charset=utf-8" />
  <meta name='ocr-system' content='tesseract 3.04.00' />
  <meta name='ocr-capabilities' content='ocr_page ocr_carea ocr_par ocr_line ocrx_word'/>
</head>
<body>
  <div class='ocr_page' id='page_1' title='image "./operaadoptimeed00statgoog/operaadoptimeed00statgoog_0355.png"; bbox 0 0 2079 3613; ppageno 0'>
   <div class='ocr_carea' id='block_1_1' title="bbox 519 246 1792 332">
    <p class='ocr_par' dir='ltr' id='par_1_1' title="bbox 519 246 1792 332">
     <span class='ocr_line' id='line_1_1' title="bbox 519 246 1792 332; baseline -0.024 1"><span class='ocrx_word' id='word_1_1' title='bbox 519 278 620 332; x_wconf 76' lang='lat'><strong>188</strong></span> <span class='ocrx_word' id='word_1_2' title='bbox 726 266 1167 327; x_wconf 56' lang='lat' dir='ltr'><strong>mammos,</strong></span> <span class='ocrx_word' id='word_1_3' title='bbox 1219 265 1364 311; x_wconf 75' lang='grc' dir='ltr'><strong>ΜΒ.</strong></span> <span class='ocrx_word' id='word_1_4' title='bbox 1413 262 1524 311; x_wconf 87' lang='lat' dir='ltr'><strong>x1.</strong></span> <span class='ocrx_word' id='word_1_5' title='bbox 1667 246 1792 325; x_wconf 77' lang='lat'><strong>327</strong></span> 
     </span>
    </p>
   </div>
   <div class='ocr_carea' id='block_1_2' title="bbox 279 349 1802 1287">
    <p class='ocr_par' dir='ltr' id='par_1_2' title="bbox 279 349 1802 1287">
     <span class='ocr_line' id='line_1_2' title="bbox 279 349 1663 440; baseline -0.012 -18"><span class='ocrx_word' id='word_1_6' title='bbox 279 391 334 422; x_wconf 44' lang='lat' dir='ltr'><strong>*e</strong></span> <span class='ocrx_word' id='word_1_7' title='bbox 355 369 433 424; x_wconf 90' lang='lat' dir='ltr'><strong>At</strong></span> <span class='ocrx_word' id='word_1_8' title='bbox 457 380 547 440; x_wconf 89' lang='lat' dir='ltr'><strong>tu,</strong></span> <span class='ocrx_word' id='word_1_9' title='bbox 578 386 707 423; x_wconf 81' lang='lat' dir='ltr'><strong>care</strong></span> <span class='ocrx_word' id='word_1_10' title='bbox 733 384 924 433; x_wconf 86' lang='lat' dir='ltr'><strong>socer,</strong></span> <span class='ocrx_word' id='word_1_11' title='bbox 952 360 1095 436; x_wconf 87' lang='lat' dir='ltr'><strong>(nec</strong></span> <span class='ocrx_word' id='word_1_12' title='bbox 1120 356 1267 413; x_wconf 84' lang='lat' dir='ltr'><strong>enirn</strong></span> <span class='ocrx_word' id='word_1_13' title='bbox 1293 354 1473 411; x_wconf 89' lang='lat' dir='ltr'><strong>omnis</strong></span> <span class='ocrx_word' id='word_1_14' title='bbox 1498 349 1663 425; x_wconf 88' lang='lat' dir='ltr'><strong>culpa</strong></span> 
     </span>
     <span class='ocr_line' id='line_1_3' title="bbox 520 458 796 508; baseline -0.007 0"><span class='ocrx_word' id='word_1_15' title='bbox 520 458 796 508; x_wconf 87' lang='lat' dir='ltr'><strong>malorum</strong></span> 
     </span>
     <span class='ocr_line' id='line_1_4' title="bbox 303 526 1592 613; baseline -0.017 -17"><span class='ocrx_word' id='word_1_16' title='bbox 303 560 333 589; x_wconf 88' lang='lat'><strong><em>«</em></strong></span> <span class='ocrx_word' id='word_1_17' title='bbox 356 540 448 593; x_wconf 89' lang='lat' dir='ltr'><strong>Me</strong></span> <span class='ocrx_word' id='word_1_18' title='bbox 473 557 649 613; x_wconf 89' lang='lat' dir='ltr'><strong>penes</strong></span> <span class='ocrx_word' id='word_1_19' title='bbox 665 577 681 604; x_wconf 81' lang='lat'>,</span> <span class='ocrx_word' id='word_1_20' title='bbox 714 548 769 590; x_wconf 88' lang='lat' dir='ltr'><strong>et</strong></span> <span class='ocrx_word' id='word_1_21' title='bbox 794 530 993 610; x_wconf 86' lang='lat' dir='ltr'><strong>Superi</strong></span> <span class='ocrx_word' id='word_1_22' title='bbox 1012 546 1231 586; x_wconf 88' lang='lat' dir='ltr'><strong>mecum</strong></span> <span class='ocrx_word' id='word_1_23' title='bbox 1248 566 1264 595; x_wconf 87' lang='lat'>‚</span> <span class='ocrx_word' id='word_1_24' title='bbox 1293 526 1592 598; x_wconf 77' lang='lat' dir='ltr'><strong>Parcaeque</strong></span> 
     </span>
     <span class='ocr_line' id='line_1_5' title="bbox 481 618 834 698; baseline -0.014 -18"><span class='ocrx_word' id='word_1_25' title='bbox 481 669 490 670; x_wconf 24' lang='lat' dir='ltr'><em>ff</em></span> <span class='ocrx_word' id='word_1_26' title='bbox 518 618 834 698; x_wconf 81' lang='lat' dir='ltr'><strong>nocentes)</strong></span> 
     </span>
     <span class='ocr_line' id='line_1_6' title="bbox 302 692 1802 778; baseline -0.013 -16"><span class='ocrx_word' id='word_1_27' title='bbox 302 732 333 762; x_wconf 73' lang='grc' dir='ltr'><em>α</em></span> <span class='ocrx_word' id='word_1_28' title='bbox 349 709 433 765; x_wconf 91' lang='lat' dir='ltr'><strong>Sis</strong></span> <span class='ocrx_word' id='word_1_29' title='bbox 455 707 596 765; x_wconf 89' lang='lat' dir='ltr'><strong>lenis</strong></span> <span class='ocrx_word' id='word_1_30' title='bbox 616 704 811 764; x_wconf 86' lang='lat' dir='ltr'><strong>cineri!</strong></span> <span class='ocrx_word' id='word_1_31' title='bbox 843 722 1045 778; x_wconf 88' lang='lat' dir='ltr'><strong>meque</strong></span> <span class='ocrx_word' id='word_1_32' title='bbox 1062 699 1185 756; x_wconf 82' lang='lat' dir='ltr'><strong>haec</strong></span> <span class='ocrx_word' id='word_1_33' title='bbox 1204 707 1334 773; x_wconf 87' lang='lat' dir='ltr'><strong>post</strong></span> <span class='ocrx_word' id='word_1_34' title='bbox 1365 692 1548 773; x_wconf 74' lang='lat' dir='ltr'><strong>praelia</strong></span> <span class='ocrx_word' id='word_1_35' title='bbox 1576 702 1802 766; x_wconf 84' lang='lat' dir='ltr'><strong>raptum</strong></span> 
     </span>
     <span class='ocr_line' id='line_1_7' title="bbox 303 775 1705 864; baseline -0.011 -17"><span class='ocrx_word' id='word_1_36' title='bbox 303 818 334 847; x_wconf 87' lang='lat'>«</span> <span class='ocrx_word' id='word_1_37' title='bbox 352 793 591 850; x_wconf 88' lang='lat' dir='ltr'><strong>Alitibus</strong></span> <span class='ocrx_word' id='word_1_38' title='bbox 617 791 888 864; x_wconf 83' lang='lat' dir='ltr'>fratrique</span> <span class='ocrx_word' id='word_1_39' title='bbox 914 805 1084 864; x_wconf 84' lang='lat' dir='ltr'><strong>neges</strong></span> <span class='ocrx_word' id='word_1_40' title='bbox 1105 826 1121 855; x_wconf 86' lang='lat'>‚</span> <span class='ocrx_word' id='word_1_41' title='bbox 1149 802 1402 857; x_wconf 84' lang='lat' dir='ltr'><strong>urnaque</strong></span> <span class='ocrx_word' id='word_1_42' title='bbox 1429 775 1705 855; x_wconf 85' lang='lat' dir='ltr'><strong>reportes.</strong></span> 
     </span>
     <span class='ocr_line' id='line_1_8' title="bbox 299 862 1548 941; baseline -0.011 -8"><span class='ocrx_word' id='word_1_43' title='bbox 299 902 330 933; x_wconf 75' lang='grc' dir='ltr'><strong>α</strong></span> <span class='ocrx_word' id='word_1_44' title='bbox 352 880 477 938; x_wconf 91' lang='lat' dir='ltr'><strong>Hoc</strong></span> <span class='ocrx_word' id='word_1_45' title='bbox 501 889 722 934; x_wconf 88' lang='lat' dir='ltr'><strong>tantum</strong></span> <span class='ocrx_word' id='word_1_46' title='bbox 744 897 761 941; x_wconf 79' lang='lat'>3</span> <span class='ocrx_word' id='word_1_47' title='bbox 793 886 850 930; x_wconf 83' lang='lat' dir='ltr'><strong>et</strong></span> <span class='ocrx_word' id='word_1_48' title='bbox 873 886 1018 930; x_wconf 84' lang='lat' dir='ltr'><strong>natae</strong></span> <span class='ocrx_word' id='word_1_49' title='bbox 1043 869 1242 926; x_wconf 89' lang='lat' dir='ltr'><strong>melius</strong></span> <span class='ocrx_word' id='word_1_50' title='bbox 1269 862 1548 924; x_wconf 80' lang='lat' dir='ltr'><strong>connubia</strong></span> 
     </span>
     <span class='ocr_line' id='line_1_9' title="bbox 512 964 806 1037; baseline -0.007 -19"><span class='ocrx_word' id='word_1_51' title='bbox 512 964 715 1037; x_wconf 82' lang='lat' dir='ltr'><strong>jungas</strong></span> <span class='ocrx_word' id='word_1_52' title='bbox 740 964 753 1017; x_wconf 72' lang='grc' dir='ltr'>ἔ</span> <span class='ocrx_word' id='word_1_53' title='bbox 774 982 806 1007; x_wconf 69' lang='lat'><strong>2&gt;</strong></span> 
     </span>
     <span class='ocr_line' id='line_1_10' title="bbox 376 1036 1802 1119; baseline -0.014 -15"><span class='ocrx_word' id='word_1_54' title='bbox 376 1048 549 1104; x_wconf 84' lang='lat' dir='ltr'><strong>Ibant</strong></span> <span class='ocrx_word' id='word_1_55' title='bbox 571 1045 629 1100; x_wconf 89' lang='lat' dir='ltr'><strong>in</strong></span> <span class='ocrx_word' id='word_1_56' title='bbox 661 1045 969 1119; x_wconf 82' lang='lat' dir='ltr'><strong>lacrymas,</strong></span> <span class='ocrx_word' id='word_1_57' title='bbox 993 1036 1168 1093; x_wconf 84' lang='lat' dir='ltr'><strong>veluti</strong></span> <span class='ocrx_word' id='word_1_58' title='bbox 1195 1054 1321 1090; x_wconf 88' lang='lat' dir='ltr'><strong>cum</strong></span> <span class='ocrx_word' id='word_1_59' title='bbox 1339 1075 1354 1103; x_wconf 85' lang='lat'><strong>‚</strong></span> <span class='ocrx_word' id='word_1_60' title='bbox 1382 1052 1513 1090; x_wconf 86' lang='lat' dir='ltr'><strong>vere</strong></span> <span class='ocrx_word' id='word_1_61' title='bbox 1537 1049 1763 1088; x_wconf 84' lang='lat' dir='ltr'><strong>reverso</strong></span> <span class='ocrx_word' id='word_1_62' title='bbox 1786 1070 1802 1099; x_wconf 83' lang='lat'>‚</span> 
     </span>
     <span class='ocr_line' id='line_1_11' title="bbox 303 1116 1651 1205; baseline -0.014 -16"><span class='ocrx_word' id='word_1_63' title='bbox 303 1131 563 1190; x_wconf 84' lang='lat' dir='ltr'><strong>Bistoniae</strong></span> <span class='ocrx_word' id='word_1_64' title='bbox 590 1127 823 1205; x_wconf 67' lang='lat' dir='ltr'><strong>tepuere</strong></span> <span class='ocrx_word' id='word_1_65' title='bbox 847 1124 1005 1179; x_wconf 89' lang='lat' dir='ltr'><strong>nives</strong></span> <span class='ocrx_word' id='word_1_66' title='bbox 1022 1163 1038 1192; x_wconf 86' lang='lat'>,</span> <span class='ocrx_word' id='word_1_67' title='bbox 1069 1118 1430 1177; x_wconf 77' lang='lat' dir='ltr'><strong>summittitur</strong></span> <span class='ocrx_word' id='word_1_68' title='bbox 1451 1116 1651 1192; x_wconf 87' lang='lat' dir='ltr'><strong>ingens</strong></span> 
     </span>
     <span class='ocr_line' id='line_1_12' title="bbox 304 1198 1665 1287; baseline -0.015 -13"><span class='ocrx_word' id='word_1_69' title='bbox 304 1219 568 1285; x_wconf 76' lang='lat' dir='ltr'><strong>Haemu5‚</strong></span> <span class='ocrx_word' id='word_1_70' title='bbox 599 1222 657 1269; x_wconf 93' lang='lat' dir='ltr'><strong>et</strong></span> <span class='ocrx_word' id='word_1_71' title='bbox 690 1222 951 1287; x_wconf 83' lang='lat' dir='ltr'><strong>angustos</strong></span> <span class='ocrx_word' id='word_1_72' title='bbox 976 1204 1262 1280; x_wconf 87' lang='lat' dir='ltr'>Rhodope</span> <span class='ocrx_word' id='word_1_73' title='bbox 1285 1199 1580 1260; x_wconf 87' lang='lat' dir='ltr'><strong>descendit</strong></span> <span class='ocrx_word' id='word_1_74' title='bbox 1608 1198 1665 1254; x_wconf 83' lang='lat' dir='ltr'><strong>in</strong></span> 
     </span>
    </p>
   </div>
   <div class='ocr_carea' id='block_1_3' title="bbox 376 1316 1649 1460">
    <p class='ocr_par' dir='ltr' id='par_1_3' title="bbox 376 1316 1649 1460">
     <span class='ocr_line' id='line_1_13' title="bbox 533 1316 746 1356; baseline -0.019 0"><span class='ocrx_word' id='word_1_75' title='bbox 533 1316 746 1356; x_wconf 87' lang='lat' dir='ltr'><strong>amnes.</strong></span> 
     </span>
     <span class='ocr_line' id='line_1_14' title="bbox 376 1370 1649 1460; baseline -0.018 -17"><span class='ocrx_word' id='word_1_76' title='bbox 376 1386 644 1460; x_wconf 81' lang='lat' dir='ltr'>Coeperat</span> <span class='ocrx_word' id='word_1_77' title='bbox 670 1392 727 1437; x_wconf 89' lang='lat' dir='ltr'><strong>et</strong></span> <span class='ocrx_word' id='word_1_78' title='bbox 750 1378 865 1437; x_wconf 88' lang='lat' dir='ltr'><strong>leni</strong></span> <span class='ocrx_word' id='word_1_79' title='bbox 885 1373 1074 1433; x_wconf 90' lang='lat' dir='ltr'><strong>senior</strong></span> <span class='ocrx_word' id='word_1_80' title='bbox 1097 1370 1342 1429; x_wconf 87' lang='lat' dir='ltr'><strong>mulcere</strong></span> <span class='ocrx_word' id='word_1_81' title='bbox 1370 1370 1649 1424; x_wconf 87' lang='lat' dir='ltr'><strong>furentem</strong></span> 
     </span>
    </p>
   </div>
   <div class='ocr_carea' id='block_1_4' title="bbox 192 1464 1812 2989">
    <p class='ocr_par' dir='ltr' id='par_1_4' title="bbox 299 1464 1631 1546">
     <span class='ocr_line' id='line_1_15' title="bbox 299 1464 1631 1546; baseline -0.019 -15"><span class='ocrx_word' id='word_1_82' title='bbox 299 1470 587 1546; x_wconf 83' lang='lat' dir='ltr'><strong>Alloquio.</strong></span> <span class='ocrx_word' id='word_1_83' title='bbox 615 1467 795 1525; x_wconf 85' lang='lat' dir='ltr'>Scidit</span> <span class='ocrx_word' id='word_1_84' title='bbox 821 1481 946 1520; x_wconf 85' lang='lat' dir='ltr'><strong>orsa</strong></span> <span class='ocrx_word' id='word_1_85' title='bbox 973 1478 1126 1518; x_wconf 89' lang='lat' dir='ltr'><strong>novo</strong></span> <span class='ocrx_word' id='word_1_86' title='bbox 1159 1471 1371 1516; x_wconf 88' lang='lat' dir='ltr'><strong>terrore</strong></span> <span class='ocrx_word' id='word_1_87' title='bbox 1399 1464 1631 1510; x_wconf 83' lang='lat' dir='ltr'><strong>cruenta</strong></span> 
     </span>
    </p>

    <p class='ocr_par' dir='ltr' id='par_1_5' title="bbox 308 1537 1803 1627">
     <span class='ocr_line' id='line_1_16' title="bbox 308 1537 1803 1627; baseline -0.017 -13"><span class='ocrx_word' id='word_1_88' title='bbox 308 1555 602 1625; x_wconf 84' lang='lat' dir='ltr'><strong>Eumenis,</strong></span> <span class='ocrx_word' id='word_1_89' title='bbox 632 1550 1027 1627; x_wconf 81' lang='lat' dir='ltr'><strong>alipedemque</strong></span> <span class='ocrx_word' id='word_1_90' title='bbox 1066 1544 1270 1609; x_wconf 90' lang='lat' dir='ltr'><strong>citum,</strong></span> <span class='ocrx_word' id='word_1_91' title='bbox 1298 1537 1600 1613; x_wconf 82' lang='lat' dir='ltr'><strong>fataliaque</strong></span> <span class='ocrx_word' id='word_1_92' title='bbox 1627 1553 1803 1601; x_wconf 88' lang='lat' dir='ltr'><strong>arma,</strong></span> 
     </span>
    </p>

    <p class='ocr_par' dir='ltr' id='par_1_6' title="bbox 308 1622 1620 1706">
     <span class='ocr_line' id='line_1_17' title="bbox 308 1622 1620 1706; baseline -0.017 -7"><span class='ocrx_word' id='word_1_93' title='bbox 308 1643 567 1699; x_wconf 82' lang='lat' dir='ltr'><strong>Protinus</strong></span> <span class='ocrx_word' id='word_1_94' title='bbox 594 1637 809 1696; x_wconf 84' lang='lat' dir='ltr'><strong>Inachii</strong></span> <span class='ocrx_word' id='word_1_95' title='bbox 833 1636 1019 1692; x_wconf 88' lang='lat' dir='ltr'><strong>vultus</strong></span> <span class='ocrx_word' id='word_1_96' title='bbox 1048 1648 1307 1706; x_wconf 83' lang='lat' dir='ltr'><strong>expressa</strong></span> <span class='ocrx_word' id='word_1_97' title='bbox 1328 1622 1579 1682; x_wconf 85' lang='lat' dir='ltr'><strong>Perinthi</strong></span> <span class='ocrx_word' id='word_1_98' title='bbox 1603 1664 1620 1693; x_wconf 85' lang='lat'>‚</span> 
     </span>
    </p>

    <p class='ocr_par' dir='ltr' id='par_1_7' title="bbox 299 1714 1526 1796">
     <span class='ocr_line' id='line_1_18' title="bbox 299 1714 1526 1796; baseline -0.019 -10"><span class='ocrx_word' id='word_1_99' title='bbox 299 1728 553 1796; x_wconf 83' lang='lat' dir='ltr'><strong>Obtulit,</strong></span> <span class='ocrx_word' id='word_1_100' title='bbox 585 1743 651 1780; x_wconf 87' lang='lat' dir='ltr'><strong>ac</strong></span> <span class='ocrx_word' id='word_1_101' title='bbox 678 1722 818 1780; x_wconf 84' lang='lat' dir='ltr'><strong>fidas</strong></span> <span class='ocrx_word' id='word_1_102' title='bbox 844 1715 1084 1776; x_wconf 85' lang='lat' dir='ltr'><strong>exclusit</strong></span> <span class='ocrx_word' id='word_1_103' title='bbox 1109 1714 1320 1770; x_wconf 80' lang='lat' dir='ltr'><strong>casside</strong></span> <span class='ocrx_word' id='word_1_104' title='bbox 1348 1729 1526 1768; x_wconf 75' lang='lat' dir='ltr'><strong>voces,</strong></span> 
     </span>
    </p>

    <p class='ocr_par' dir='ltr' id='par_1_8' title="bbox 304 1791 1810 1952">
     <span class='ocr_line' id='line_1_19' title="bbox 304 1791 1810 1887; baseline -0.021 -16"><span class='ocrx_word' id='word_1_105' title='bbox 304 1819 380 1870; x_wconf 83' lang='lat' dir='ltr'><strong>Ac</strong></span> <span class='ocrx_word' id='word_1_106' title='bbox 400 1831 571 1887; x_wconf 86' lang='lat' dir='ltr'><strong>super</strong></span> <span class='ocrx_word' id='word_1_107' title='bbox 591 1810 709 1865; x_wconf 85' lang='lat' dir='ltr'><strong>haec</strong></span> <span class='ocrx_word' id='word_1_108' title='bbox 732 1825 746 1861; x_wconf 75' lang='lat' dir='ltr'><strong><em>z</em></strong></span> <span class='ocrx_word' id='word_1_109' title='bbox 776 1829 804 1858; x_wconf 76' lang='grc' dir='ltr'><strong>α</strong></span> <span class='ocrx_word' id='word_1_110' title='bbox 824 1801 1118 1875; x_wconf 86' lang='lat' dir='ltr'><strong>Abrumpe</strong></span> <span class='ocrx_word' id='word_1_111' title='bbox 1138 1817 1323 1854; x_wconf 87' lang='lat' dir='ltr'><strong>moras</strong></span> <span class='ocrx_word' id='word_1_112' title='bbox 1343 1814 1357 1850; x_wconf 76' lang='lat' dir='ltr'>z</span> <span class='ocrx_word' id='word_1_113' title='bbox 1389 1791 1724 1858; x_wconf 81' lang='lat' dir='ltr'><strong>celeremus3</strong></span> <span class='ocrx_word' id='word_1_114' title='bbox 1751 1796 1810 1842; x_wconf 89' lang='lat' dir='ltr'><strong>et</strong></span> 
     </span>
     <span class='ocr_line' id='line_1_20' title="bbox 532 1894 690 1952; baseline -0.006 -3"><span class='ocrx_word' id='word_1_115' title='bbox 532 1894 690 1952; x_wconf 90' lang='lat' dir='ltr'><strong>illum</strong></span> 
     </span>
    </p>

    <p class='ocr_par' dir='ltr' id='par_1_9' title="bbox 308 1957 1693 2049">
     <span class='ocr_line' id='line_1_21' title="bbox 308 1957 1693 2049; baseline -0.022 -8"><span class='ocrx_word' id='word_1_116' title='bbox 308 2009 338 2040; x_wconf 78' lang='grc' dir='ltr'><strong>οι</strong></span> <span class='ocrx_word' id='word_1_117' title='bbox 359 1985 685 2047; x_wconf 78' lang='lat' dir='ltr'><strong>Adventare</strong></span> <span class='ocrx_word' id='word_1_118' title='bbox 712 1978 903 2034; x_wconf 83' lang='lat' dir='ltr'><strong>ferunt</strong></span> <span class='ocrx_word' id='word_1_119' title='bbox 926 1968 1123 2049; x_wconf 83' lang='lat' dir='ltr'><strong>portis,</strong></span> <span class='ocrx_word' id='word_1_120' title='bbox 1148 1990 1175 2020; x_wconf 85' lang='lat'>»</span> <span class='ocrx_word' id='word_1_121' title='bbox 1202 1965 1292 2021; x_wconf 90' lang='lat' dir='ltr'><strong>Sic</strong></span> <span class='ocrx_word' id='word_1_122' title='bbox 1320 1961 1507 2019; x_wconf 89' lang='lat' dir='ltr'><strong>omnia</strong></span> <span class='ocrx_word' id='word_1_123' title='bbox 1532 1957 1693 2027; x_wconf 83' lang='lat' dir='ltr'><strong>vicit,</strong></span> 
     </span>
    </p>

    <p class='ocr_par' dir='ltr' id='par_1_10' title="bbox 299 2049 1625 2230">
     <span class='ocr_line' id='line_1_22' title="bbox 299 2049 1625 2146; baseline -0.021 -18"><span class='ocrx_word' id='word_1_124' title='bbox 299 2073 753 2146; x_wconf 74' lang='lat' dir='ltr'><strong>correptumque</strong></span> <span class='ocrx_word' id='word_1_125' title='bbox 780 2057 975 2138; x_wconf 77' lang='lat' dir='ltr'><strong>injecit</strong></span> <span class='ocrx_word' id='word_1_126' title='bbox 1001 2075 1171 2132; x_wconf 85' lang='lat' dir='ltr'><strong>equo.</strong></span> <span class='ocrx_word' id='word_1_127' title='bbox 1198 2049 1372 2112; x_wconf 86' lang='lat' dir='ltr'><strong>Volat</strong></span> <span class='ocrx_word' id='word_1_128' title='bbox 1400 2064 1625 2125; x_wconf 86' lang='lat' dir='ltr'><strong>aequore</strong></span> 
     </span>
     <span class='ocr_line' id='line_1_23' title="bbox 522 2164 726 2230; baseline -0.01 -22"><span class='ocrx_word' id='word_1_129' title='bbox 522 2164 726 2230; x_wconf 67' lang='lat' dir='ltr'><strong>,aperto</strong></span> 
     </span>
    </p>

    <p class='ocr_par' dir='ltr' id='par_1_11' title="bbox 304 2216 1591 2378">
     <span class='ocr_line' id='line_1_24' title="bbox 304 2216 1591 2308; baseline -0.022 -9"><span class='ocrx_word' id='word_1_130' title='bbox 304 2240 575 2307; x_wconf 81' lang='lat' dir='ltr'><strong>Pallidus,</strong></span> <span class='ocrx_word' id='word_1_131' title='bbox 608 2238 1021 2308; x_wconf 87' lang='lat' dir='ltr'><strong>instantemque</strong></span> <span class='ocrx_word' id='word_1_132' title='bbox 1049 2230 1183 2291; x_wconf 72' lang='lat' dir='ltr'><strong>Deae</strong></span> <span class='ocrx_word' id='word_1_133' title='bbox 1210 2216 1591 2295; x_wconf 85' lang='lat' dir='ltr'><strong>circumspicit</strong></span> 
     </span>
     <span class='ocr_line' id='line_1_25' title="bbox 523 2322 800 2378; baseline -0.014 0"><span class='ocrx_word' id='word_1_134' title='bbox 523 2322 800 2378; x_wconf 81' lang='lat' dir='ltr'><strong>umbram.</strong></span> 
     </span>
    </p>

    <p class='ocr_par' dir='ltr' id='par_1_12' title="bbox 303 2387 1790 2652">
     <span class='ocr_line' id='line_1_26' title="bbox 381 2387 1773 2474; baseline -0.016 -10"><span class='ocrx_word' id='word_1_135' title='bbox 381 2412 545 2464; x_wconf 83' lang='lat' dir='ltr'><strong>Sacra</strong></span> <span class='ocrx_word' id='word_1_136' title='bbox 570 2410 601 2461; x_wconf 83' lang='lat' dir='ltr'><strong>J</strong></span> <span class='ocrx_word' id='word_1_137' title='bbox 605 2406 699 2461; x_wconf 81' lang='lat' dir='ltr'><strong>ovi</strong></span> <span class='ocrx_word' id='word_1_138' title='bbox 721 2405 922 2459; x_wconf 88' lang='lat' dir='ltr'><strong>merito</strong></span> <span class='ocrx_word' id='word_1_139' title='bbox 945 2399 1153 2474; x_wconf 88' lang='lat' dir='ltr'><strong>Tyrius</strong></span> <span class='ocrx_word' id='word_1_140' title='bbox 1180 2416 1284 2471; x_wconf 91' lang='lat' dir='ltr'><strong>pro</strong></span> <span class='ocrx_word' id='word_1_141' title='bbox 1314 2391 1543 2448; x_wconf 80' lang='lat' dir='ltr'><strong>fulmine</strong></span> <span class='ocrx_word' id='word_1_142' title='bbox 1566 2387 1773 2444; x_wconf 85' lang='lat' dir='ltr'><strong>ductor</strong></span> 
     </span>
     <span class='ocr_line' id='line_1_27' title="bbox 303 2473 1790 2567; baseline -0.018 -15"><span class='ocrx_word' id='word_1_143' title='bbox 303 2491 688 2567; x_wconf 83' lang='lat' dir='ltr'><strong>Nequicquam</strong></span> <span class='ocrx_word' id='word_1_144' title='bbox 708 2529 723 2555; x_wconf 85' lang='lat'><strong>.‚</strong></span> <span class='ocrx_word' id='word_1_145' title='bbox 753 2489 979 2541; x_wconf 86' lang='lat' dir='ltr'><strong>Danaos</strong></span> <span class='ocrx_word' id='word_1_146' title='bbox 1004 2496 1159 2539; x_wconf 86' lang='lat' dir='ltr'><strong>ratus</strong></span> <span class='ocrx_word' id='word_1_147' title='bbox 1181 2495 1490 2535; x_wconf 86' lang='lat' dir='ltr'><strong>exarmasse</strong></span> <span class='ocrx_word' id='word_1_148' title='bbox 1509 2516 1525 2541; x_wconf 90' lang='grc'><strong>.,</strong></span> <span class='ocrx_word' id='word_1_149' title='bbox 1554 2473 1790 2528; x_wconf 82' lang='lat' dir='ltr'><strong>ferebat.</strong></span> 
     </span>
     <span class='ocr_line' id='line_1_28' title="bbox 310 2557 1686 2652; baseline -0.018 -17"><span class='ocrx_word' id='word_1_150' title='bbox 310 2579 434 2636; x_wconf 81' lang='lat' dir='ltr'><strong>Nec</strong></span> <span class='ocrx_word' id='word_1_151' title='bbox 458 2587 623 2652; x_wconf 89' lang='lat' dir='ltr'><strong>pater</strong></span> <span class='ocrx_word' id='word_1_152' title='bbox 644 2568 941 2637; x_wconf 75' lang='lat' dir='ltr'><strong>aetheriuS,</strong></span> <span class='ocrx_word' id='word_1_153' title='bbox 978 2565 1285 2638; x_wconf 72' lang='lat' dir='ltr'><strong>divumque</strong></span> <span class='ocrx_word' id='word_1_154' title='bbox 1315 2561 1416 2614; x_wconf 88' lang='lat' dir='ltr'><strong>has</strong></span> <span class='ocrx_word' id='word_1_155' title='bbox 1443 2557 1586 2613; x_wconf 85' lang='lat' dir='ltr'><strong>ullus</strong></span> <span class='ocrx_word' id='word_1_156' title='bbox 1612 2557 1686 2611; x_wconf 84' lang='lat' dir='ltr'><strong>ad</strong></span> 
     </span>
    </p>

    <p class='ocr_par' dir='ltr' id='par_1_13' title="bbox 192 2652 1812 2989">
     <span class='ocr_line' id='line_1_29' title="bbox 532 2652 766 2723; baseline -0.017 -8"><span class='ocrx_word' id='word_1_157' title='bbox 532 2678 689 2723; x_wconf 82' lang='lat' dir='ltr'><strong>aras;</strong></span> <span class='ocrx_word' id='word_1_158' title='bbox 753 2652 766 2657; x_wconf 33' lang='grc' dir='ltr'><em>ί</em></span> 
     </span>
     <span class='ocr_line' id='line_1_30' title="bbox 302 2722 1807 2818; baseline -0.021 -10"><span class='ocrx_word' id='word_1_159' title='bbox 302 2749 416 2808; x_wconf 81' lang='lat' dir='ltr'><strong>sed</strong></span> <span class='ocrx_word' id='word_1_160' title='bbox 437 2744 578 2803; x_wconf 83' lang='lat' dir='ltr'><strong>mala</strong></span> <span class='ocrx_word' id='word_1_161' title='bbox 609 2741 941 2818; x_wconf 86' lang='lat' dir='ltr'><strong>Tisiphone,</strong></span> <span class='ocrx_word' id='word_1_162' title='bbox 971 2732 1207 2811; x_wconf 87' lang='lat' dir='ltr'><strong>trepidis</strong></span> <span class='ocrx_word' id='word_1_163' title='bbox 1234 2731 1437 2786; x_wconf 80' lang='lat' dir='ltr'><strong>inserta</strong></span> <span class='ocrx_word' id='word_1_164' title='bbox 1461 2722 1757 2795; x_wconf 84' lang='lat' dir='ltr'><strong>ministris,</strong></span> <span class='ocrx_word' id='word_1_165' title='bbox 1804 2726 1807 2729; x_wconf 79' lang='grc'><strong>’</strong></span> 
     </span>
     <span class='ocr_line' id='line_1_31' title="bbox 192 2811 1546 2904; baseline -0.024 -6"><span class='ocrx_word' id='word_1_166' title='bbox 192 2851 200 2864; x_wconf 84' lang='grc'>’</span> <span class='ocrx_word' id='word_1_167' title='bbox 273 2846 280 2847; x_wconf 62' lang='grc'><em>’</em></span> <span class='ocrx_word' id='word_1_168' title='bbox 308 2846 459 2899; x_wconf 48' lang='lat' dir='ltr'><strong>sistat</strong></span> <span class='ocrx_word' id='word_1_169' title='bbox 483 2875 499 2903; x_wconf 88' lang='lat'>‚</span> <span class='ocrx_word' id='word_1_170' title='bbox 529 2844 587 2888; x_wconf 92' lang='lat' dir='ltr'><strong>et</strong></span> <span class='ocrx_word' id='word_1_171' title='bbox 606 2830 826 2888; x_wconf 79' lang='lat' dir='ltr'><strong>infemo</strong></span> <span class='ocrx_word' id='word_1_172' title='bbox 852 2822 1134 2904; x_wconf 85' lang='lat' dir='ltr'><strong>praevertit</strong></span> <span class='ocrx_word' id='word_1_173' title='bbox 1158 2831 1286 2876; x_wconf 83' lang='lat' dir='ltr'><strong>vota</strong></span> <span class='ocrx_word' id='word_1_174' title='bbox 1313 2811 1546 2871; x_wconf 87' lang='lat' dir='ltr'><strong>tonanti.</strong></span> 
     </span>
     <span class='ocr_line' id='line_1_32' title="bbox 388 2893 1812 2989; baseline -0.016 -18"><span class='ocrx_word' id='word_1_175' title='bbox 388 2943 417 2971; x_wconf 77' lang='grc' dir='ltr'><strong>α</strong></span> <span class='ocrx_word' id='word_1_176' title='bbox 434 2920 651 2975; x_wconf 91' lang='lat' dir='ltr'><strong>Summe</strong></span> <span class='ocrx_word' id='word_1_177' title='bbox 693 2913 874 2989; x_wconf 72' lang='lat' dir='ltr'><strong>Deum</strong></span> <span class='ocrx_word' id='word_1_178' title='bbox 891 2952 908 2982; x_wconf 84' lang='lat'>,</span> <span class='ocrx_word' id='word_1_179' title='bbox 935 2907 1042 2967; x_wconf 89' lang='lat' dir='ltr'><strong>tibi</strong></span> <span class='ocrx_word' id='word_1_180' title='bbox 1075 2923 1321 2980; x_wconf 89' lang='lat' dir='ltr'><strong>namque</strong></span> <span class='ocrx_word' id='word_1_181' title='bbox 1345 2921 1483 2958; x_wconf 84' lang='lat' dir='ltr'><strong>meae</strong></span> <span class='ocrx_word' id='word_1_182' title='bbox 1506 2893 1812 2975; x_wconf 86' lang='lat' dir='ltr'><strong>primordia</strong></span> 
     </span>
    </p>
   </div>
   <div class='ocr_carea' id='block_1_5' title="bbox 516 3002 724 3059">
    <p class='ocr_par' dir='ltr' id='par_1_14' title="bbox 516 3002 724 3059">
     <span class='ocr_line' id='line_1_33' title="bbox 516 3002 724 3059; baseline -0.014 0"><span class='ocrx_word' id='word_1_183' title='bbox 516 3002 724 3059; x_wconf 84' lang='lat' dir='ltr'><strong>Thebae</strong></span> 
     </span>
    </p>
   </div>
  </div>
 </body>
</html>
