2079 3613
260 194 381 254 182
535 197 1006 265 οτΗΕΒᾼῙυοε,
1060 199 1204 248 ΜΒ.
1259 200 1397 249 v11.
1494 198 1560 255 51

252 297 572 355 Innumeris
597 296 793 373 strepit
819 294 947 352 aula
973 294 1156 351 minis,
1186 295 1526 351 Tristissima
1554 295 1753 354 Virtus

249 386 369 440 Stat
394 382 577 439 medio
594 425 609 451 ‚
639 383 911 457 laetusque
939 383 1152 450 Furor,
1179 382 1454 455 vultuque
1484 393 1718 436 cruento

249 470 401 524 Mors
425 479 636 523 armata
658 464 822 537 sedet
848 482 862 520 z
889 464 1172 523 bellorum
1197 466 1346 521 solus
1372 465 1431 520 in
1460 464 1568 521 aris

248 552 501 628 SanguiS,
531 565 589 608 et
609 550 859 608 incensis
885 550 982 625 qui
1008 562 1204 626 raptus
1230 550 1301 605 ab
1327 550 1563 608 urbibus
1581 553 1744 630 ignis·

247 638 550 693 Terrarum
571 635 782 693 exuviae
806 635 1046 705 circum,
1077 647 1132 691 et
1158 635 1377 711 fastigia
1404 636 1607 714 templi

244 723 435 797 Captae
461 720 801 796 insignibant
826 732 1054 797 gente5‚
1085 720 1390 797 caelataque
1416 723 1569 778 ferro

180 870 183 877 ⁴
242 807 291 862 F
293 804 544 882 regmina
566 818 889 881 portarum,
922 803 1352 882 bellatricesque
1383 805 1616 875 carinae,

215 916 220 919 ¹
244 893 317 949 Et
340 890 511 950 vacui
531 910 725 946 currus
743 931 760 960 ‚
788 888 1138 965 protritaque
1167 890 1422 946 curribus
1448 909 1580 945 ora:

244 978 395 1032 Pene
423 976 589 1033 etiam
613 975 851 1053 gemitus
874 994 888 1030 ε
918 974 1062 1031 adeo
1090 976 1176 1033 vis
1202 976 1405 1046 omniS,
1434 988 1492 1031 et
1520 995 1690 1033 omne

245 1063 481 1126 Vulnus.
509 1062 733 1140 Ubique
755 1064 944 1145 ipsum
961 1105 976 1133 ,
1006 1063 1107 1119 sed
1134 1083 1253 1120 non
1277 1082 1517 1139 usquam
1535 1082 1631 1119 ore

458 1166 689 1206 remisso
708 1190 724 1217 ,

246 1247 487 1304 Cernere
514 1258 655 1302 erat.
680 1244 879 1301 Talem
901 1243 1093 1301 divina
1117 1243 1402 1302 Mulciber
1423 1258 1545 1302 arte

244 1326 518 1386 Ediderat
539 1344 553 1381 t
582 1327 836 1385 nondum
861 1328 1032 1384 radiis
1059 1342 1400 1386 monstratus
1425 1328 1673 1401 adulter,

243 1413 409 1472 Foeda
440 1427 698 1471 catenato
726 1413 912 1470 luerat
939 1414 1220 1469 connubia
1252 1412 1422 1472 lecto.

318 1515 577 1585 Quaerere
602 1511 940 1588 templorum
965 1530 1156 1588 regem
1181 1510 1275 1569 vix
1304 1525 1549 1591 coeperat
1578 1512 1692 1571 ales

243 1598 533 1654 Maenalius
551 1639 567 1668 ‚
588 1598 775 1653 tremit
796 1617 926 1653 ecce
947 1596 1153 1668 solum,
1176 1610 1231 1653 et
1252 1599 1467 1673 mugire
1487 1598 1744 1655 refractis

242 1683 515 1761 Corniger
536 1682 761 1739 Hebrus
786 1682 965 1758 aquis.
994 1685 1158 1737 Tunc
1184 1681 1337 1758 quod
1360 1684 1696 1763 pecus-utile

461 1766 625 1825 bellis

239 1864 460 1926 Vallem
484 1866 816 1930 infestabat,
839 1866 1092 1943 trepidas
1113 1885 1372 1943 spumare
1392 1889 1500 1945 per
1514 1867 1740 1940 herba5‚

238 1951 404 2033 Signa
428 1950 815 2020 adventantis.,
848 1950 1158 2028 clausaeque
1182 1952 1475 2009 adamante
1502 1954 1745 2031 perenni
1784 1973 1795 1980 ¹

236 2036 541 2094 Dissiluere
561 2038 734 2102 fores.
765 2036 1038 2111 Hyrcano
1065 2036 1124 2090 in
1151 2038 1420 2116 sanguine
1444 2038 1688 2116 pulcher

237 2122 368 2195 Ipse
390 2119 538 2177 subit
564 2140 759 2190 curru,
787 2118 1021 2195 diraque
1050 2124 1344 2198 aspergine
1372 2124 1516 2180 latos

237 2209 423 2264 Mutat
436 2225 547 2283 agl
549 2224 640 2275 os
670 2204 848 2308 spolia
875 2224 905 2259 a
928 2216 1111 2283 tergo,
1142 2208 1478 2288 flentesque
1471 2222 1708 2269 catervae
1723 2228 1739 2281 ;

237 2299 389 2394 Dant
416 2299 622 2376 sylvae,
650 2296 861 2374 nixque
889 2296 999 2355 alta
1023 2299 1230 2359 locum.
1263 2304 1430 2381 Regit
1456 2318 1574 2363 atra

454 2383 669 2459 jugales

233 2478 546 2555 sanguinea
575 2478 803 2538 Bellona
826 2501 1018 2550 manu,
1045 2482 1325 2560 longaque
1354 2483 1550 2562 fatigat

234 2573 501 2650 Cuspide.
529 2574 770 2651 Diriguit
798 2575 921 2635 visu
945 2578 1198 2655 Cyllenia
1226 2577 1447 2654 proleS‚

232 2668 619 2745 Summisitque
646 2689 836 2746 genas.
861 2672 981 2748 Ipsi
1002 2670 1319 2729 reverentia
1345 2669 1527 2743 patri,

231 2762 291 2820 Si
311 2782 496 2840 prope
519 2765 588 2820 sit
602 2764 945 2843 ‚dematque
972 2766 1181 2832 minas,
1203 2781 1312 2817 nec
1332 2761 1464 2818 talia
1484 2761 1732 2822 mandet.

312 2886 340 2914 u
360 2860 529 2935 Quod
557 2862 719 2919 Jovis
752 2856 1104 2938 imperium?
1133 2877 1332 2935 magno
1363 2858 1506 2937 quid
1540 2859 1610 2919 ab

359 2975 364 2979 ·
458 2946 665 3003 aethere
694 2942 931 3024 portas?
986 2966 991 2972 ·
