2079 3613
340 263 466 333 284
589 241 1047 343 'THEBAIDOQ
1101 279 1242 327 ΜΒ.
1294 283 1371 329 x.
1492 259 1593 353 ‘95

331 368 586 426 Vallibus
605 372 878 447 effugiens
906 373 1183 449 speluncae
1209 374 1495 450 proximus
1522 374 1737 431 amnis*

332 454 472 509 Saxa
485 451 672 526 inter,
702 455 1072 534 scopulosque
1097 454 1587 535 tacet.‘Nig1-antia
1621 459 1835 515 circum

328 540 598 597 Armenta
622 559 635 595 :
662 562 821 598 omne
848 542 965 598 solo
994 544 1228 599 recubat
1255 564 1429 620 pecus
1449 586 1464 613 ‚
1496 557 1550 600 et
1574 557 1729 601 nova*

539 640 793 683 marcent
1868 709 1875 712 ι

322 709 589 766 Get-mina
611 754 627 780 ,
664 716 1050 791 terrarumque
1079 715 1316 772 inclinat
1343 715 1577 791 spiritus
1599 715 1824 772 herbas,

394 793 553 850 Mille
581 795 728 853 intus
754 798 1050 854 simulacra
1076 799 1183 855 Dei
1211 800 1727 857 caelaverat'ardens

321 876 614 934 Mulciber.
645 883 751 937 Hic
778 882 955 939 haeret
982 883 1142 939 lateri
1170 883 1425 939 redimita
1450 883 1747 958 'Voluptas-

319 957 429 1012 Hic
456 977 643 1020 comes
668 966 727 1023 in
754 967 1002 1044 requiem
1030 966 1242 1023 Labor.
1266 970 1362 1022 Est
1391 966 1487 1023 ubi
1514 966 1734 1023 Baccho
1751 1008 1766 1036 ,

318 1040 416 1094 Est
443 1041 539 1095 ubi
564 1045 892 1119 Martigenae
918 1066 1130 1130 socium
1169 1052 1431 1133 pulvinar
1458 1053 1640 1108 Amori

316 1124 563 1182 Obtinet.
592 1130 837 1188 Interius
860 1145 1076 1188 tectum
1101 1135 1160 1187 in
1185 1136 1567 1208 penetralibus
1599 1136 1721 1191 altis

230 1227 256 1242 v·
314 1209 387 1265 Et
414 1232 538 1267 cum
567 1215 749 1290 Morte
773 1215 956 1289 jacet,
982 1216 1235 1290 nullique
1257 1238 1318 1273 ea
1349 1220 1520 1275 tristis
1546 1223 1768 1308 image..

311 1297 446 1371 Ipse
473 1310 656 1354 autem
677 1341 690 1367 ‚
720 1320 930 1356 vacuus
955 1301 1102 1355 curis
1121 1341 1138 1370 ,
1166 1301 1445 1379 bumentia
1471 1305 1662 1380 subter

313 1378 493 1435 Antra
519 1384 827 1455 soporifero
853 1386 1090 1458 stipatus
1113 1387 1244 1440 flore
1264 1426 1281 1455 ‚
1308 1399 1528 1461 tapetas

313 1461 572 1519 Incubat.
605 1466 878 1522 Exhalant
898 1481 1110 1536 vesteS‚
1138 1480 1192 1522 et
1215 1487 1452 1543 corpore
1479 1470 1639 1545 pigro

312 1543 492 1598 Strata
522 1546 736 1617 calent3
766 1569 1042 1627 supr-aque
1071 1564 1254 1607 torum
1285 1552 1442 1626 niger
1467 1556 1612 1610 efflat

532 1630 734 1687 anhelo
933 1637 936 1640 ’

310 1710 423 1767 Ore
443 1733 623 1790 vapor
646 1735 664 1771 z
694 1725 888 1776 manus
914 1720 1033 1778 haec
1060 1724 1088 1781 s
1088 1744 1212 1781 usos
1239 1746 1270 1780 a
1295 1738 1546 1802 tempore
1570 1723 1707 1784 laevo

306 1798 593 1860 sustentat
620 1803 837 1864 crines:
864 1805 985 1868 haeo
1011 1827 1181 1871 cornu
1201 1811 1375 1872 oblite
1394 1811 1624 1873 remisit.
1772 1878 1773 1881 ,

307 1885 534 1945 Adsunt
560 1893 849 1954 innumero
876 1919 1062 1956 rerum
1086 1921 1223 1978 vaga
1247 1902 1456 1959 somnia
1487 1905 1644 1959 vultu
1661 1944 1677 1972 ,
1721 1902 1725 1906 ’

305 1973 453 2030 Vera
481 1977 644 2036 simul
672 1983 854 2055 falsi5‚
883 1986 1271 2062 permixtaque
1297 1988 1471 2043 tristia
1495 1980 1710 2044 blandis
1731 2030 1747 2057 ‚
1781 2001 1784 2004 ’

305 2061 500 2120 Noctis
526 2059 701 2145 opaca
729 2070 931 2127 cohors
950 2112 968 2142 ,
997 2073 1362 2148 trabibusque
1381 2113 1397 2143 ,
1427 2087 1521 2129 aut
1548 2075 1803 2151 postibus

516 2151 728 2209 haerent
747 2195 765 2225 ‚

303 2232 417 2285 Aut
444 2232 644 2290 tellure
669 2239 880 2310 jacent.
911 2240 1124 2295 Tenuis
1144 2284 1158 2308 ,
1188 2241 1284 2315 qui
1312 2241 1511 2298 circuit
1531 2243 1711 2300 aulam
1729 2286 1745 2315 ,

229 2336 234 2347 ⁸
301 2314 695 2393 Invalidasque
714 2320 895 2392 nitor3
922 2323 1248 2402 primosque
1274 2325 1553 2383 hortantia
1581 2348 1803 2386 somnos

296 2398 583 2476 Languida
605 2404 882 2462 succiduis
911 2409 1173 2484 expirant
1194 2411 1398 2468 lumina
1423 2413 1674 2472 flammis·
1706 2430 1713 2435 “

371 2485 497 2541 Huc
514 2507 573 2542 se
601 2490 836 2545 caeruleo
851 2490 1077 2549 libravit
1096 2495 1166 2551 ab
1193 2495 1397 2552 aethere
1423 2497 1591 2574 virgo¹

297 2569 572 2628 Discolor.
598 2575 878 2649 Effulgent
901 2577 1082 2650 silvae,
1113 2582 1520 2658 tenebrosaque
1547 2588 1763 2662 Tempe

296 2654 568 2713 Adrisere
584 2663 746 2730 Deae,
779 2675 834 2716 et
856 2663 1005 2720 zonis
1034 2665 1355 2722 lucentibus
1383 2669 1495 2722 icta

297 2739 537 2815 Evigilat
563 2750 789 2813 meuS.
818 2751 948 2824 Ipse
983 2761 1173 2806 autem
1197 2771 1302 2806 nec
1330 2751 1583 2827 lampade
1604 2754 1752 2810 clara
1779 2795 1798 2829 ,

297 2823 414 2879 Nec
441 2828 652 2900 sonitu,
681 2851 785 2887 nec
810 2852 946 2894 voce
966 2836 1100 2888 Deae
1117 2833 1440 2909 perculsus,
1468 2836 1683 2894 eodem‘

294 2909 451 2965 More
476 2914 654 2990 jacet,
676 2915 855 2993 donec
884 2916 1079 2971 radios*
1090 2917 1485 2975 Thaumantias
1504 2940 1697 2979 omnes
1788 2986 1791 2989 ,

294 2994 557 3070 Impulit,
582 2999 751 3079 inque
776 2993 967 3058 oculos
987 3000 1213 3078 penitus
1242 3003 1533 3063 descendit
1552 3006 1784 3067 inertes.
