2079 3613
269 290 393 355 228
519 288 970 367 armenum,
1024 292 1169 339 121ss.
1224 290 1389 336 vm.
1486 284 1597 358 403

259 395 426 450 Plena
452 402 696 449 armenta
725 389 893 458 viris,
916 384 1054 443 nulli
1079 387 1195 443 sine
1219 382 1457 462 praeside
1482 399 1676 439 currus
1699 420 1716 451 ‚

262 484 432 536 Arma
456 477 612 546 Ιοοσ,
641 474 941 552 splendent
960 471 1184 548 clypei,
1213 468 1611 546 pharetraeque
1696 502 1703 507 -

365 552 370 559 ’
478 565 699 620 decorae
718 603 732 627 ,

203 647 228 677 Ψ
259 648 603 724 Cingulaque
624 658 726 716 vet
747 643 999 701 nondum
1026 640 1282 699 deforme
1311 634 1608 694 cruoribus

477 752 694 789 aurum.

258 826 337 876 At
364 830 666 895 postquam
685 814 899 883 rabies,
923 825 979 870 et
996 812 1124 885 vitae
1149 807 1384 886 prodiga
1409 805 1587 864 virtus

257 905 510 959 Emisere
537 901 778 971 animm,
807 919 923 955 non
945 909 1102 953 tanta
1115 893 1450 952 cadentibus
1474 889 1669 948 Hoedis

260 987 493 1044 Aeriam
515 987 827 1063 Rhodopen
854 983 1031 1045 solida
1051 981 1178 1041 nive
1195 978 1461 1037 verberat
1485 978 1714 1043 Arctos„

261 1074 381 1130 Nec
400 1075 588 1148 fragor
612 1072 863 1129 Ausoniae
883 1082 1073 1124 tantus
1092 1109 1106 1133 ‚
1126 1084 1253 1145 eum
1273 1063 1538 1139 Juppiter
1555 1058 1708 1116 omni

259 1162 397 1214 Arce
421 1170 607 1224 tonat;
635 1168 788 1215 tanta
814 1155 1066 1231 quatitur
1079 1170 1186 1206 nec
1199 1147 1474 1225 grandine
1498 1144 1678 1220 Syrtis
1701 1184 1719 1213 ,

259 1244 403 1298 Cum
423 1241 612 1316 Libyae
633 1245 837 1295 Boreas
852 1237 1025 1294 Italos
1042 1235 1205 1310 niger
1229 1231 1416 1289 attulit
1438 1231 1664 1287 imbres.

260 1328 558 1384 Exclusere
585 1325 728 1382 diem
751 1323 872 1385 telis
900 1341 915 1382 z
943 1332 1092 1378 stant
1119 1322 1298 1376 ferrea
1325 1318 1464 1374 coelo

261 1411 470 1470 Nubila
488 1455 501 1477 ‚
526 1432 633 1469 nec
652 1408 845 1486 jaculis
863 1419 1110 1469 arctatus
1126 1403 1328 1462 sufficit
1349 1421 1462 1461 aer.

262 1498 339 1554 Hi
364 1500 608 1575 pereunt
632 1495 810 1553 missis
825 1538 840 1563 ,
868 1491 950 1550 illi
969 1490 1338 1550 redeuntibus
1348 1487 1560 1547 hastis:

264 1584 622 1640 Concurrunt
641 1600 745 1657 per
777 1570 944 1636 inane
972 1579 1140 1634 sudes
1156 1617 1173 1646 ‚
1204 1586 1261 1632 et
1287 1587 1482 1632 mutua
1508 1571 1758 1651 perdunt

262 1669 513 1727 ‘Vulnera
532 1711 547 1739 ‚
577 1678 915 1723 concurrunt
937 1664 1111 1720 hastae
1128 1706 1147 1731 ,
1173 1661 1472 1719 stridentia
1500 1659 1686 1717 fundae
1740 1690 1749 1700 =

264 1755 407 1813 Saxa
422 1752 642 1833 pluunt.
657 1744 939 1811 volucres
959 1748 1251 1805 imitantur
1263 1745 1478 1822 fulgura
1498 1743 1729 1823 glandes
1742 1785 1759 1817 ‚

261 1839 333 1897 Et
358 1838 724 1898 formidandas·
747 1858 861 1894 non
883 1856 999 1893 una
1024 1846 1209 1891 morte
1231 1833 1463 1909 sagittae.

259 1931 375 1983 Nec
386 1925 537 1982 loeus
563 1925 635 1981 ad
659 1936 864 1981 terram
890 1921 1016 1980 telis
1043 1943 1056 1976 t
1078 1920 1138 1977 in
1163 1937 1410 1996 corpora
1433 1918 1636 1976 ferrum

264 2014 443 2069 Omne
461 2010 631 2068 eadit.
662 2012 817 2085 Saepe
841 2007 1026 2084 ignari
1039 2003 1440 2082 perimuntque
1461 2043 1478 2071 a

486 2094 805 2170 caduntque
835 2112 850 2163 ;

268 2183 444 2238 Casus
464 2180 576 2255 agit
600 2179 827 2238 virtutis
847 2194 1017 2253 opus:
1039 2195 1188 2243 nunc
1209 2174 1371 2233 turba
1385 2171 1594 2231 recedit
1614 2216 1632 2240 ,

264 2266 434 2322 Nunc
459 2262 665 2339 premit
685 2303 703 2331 ,
730 2280 793 2318 ac
823 2260 1039 2317 vicibus
1064 2257 1320 2317 tellurem
1347 2258 1582 2326 amittit,
1609 2268 1667 2317 et

490 2349 683 2405 aufert.

264 2440 344 2494 Ut
366 2439 550 2493 ventis
565 2436 876 2512 nimbisque
900 2435 1087 2492 minax
1104 2454 1230 2491 eum
1257 2431 1425 2491 solvit
1442 2428 1690 2485 habenas

227 2535 232 2540 “
264 2524 304 2577 J
306 2524 549 2599 iuppiter,
574 2524 900 2598 alternoque
924 2520 1110 2597 affligit
1126 2519 1346 2576 turbine
1359 2517 1655 2573 mundum:

263 2613 385 2668 Stat
413 2607 534 2665 coeli
561 2608 782 2667 diversa
802 2608 949 2664 acies
964 2649 979 2677 ‚
1009 2626 1160 2662 nunc
1179 2603 1376 2660 fortior
1393 2601 1609 2667 Austri,

262 2696 425 2747 Nunc
442 2692 740 2767 Aquilonis
752 2691 945 2760 hiems,
968 2692 1170 2754 donec,
1195 2696 1485 2761 pugnante
1497 2663 1775 2757 procella,
1867 2756 1871 2760 ἱ
1946 2699 1949 2701 ’

266 2777 381 2832 Aut
404 2775 587 2833 nimiis
608 2775 700 2833 hic
719 2773 1068 2849 vicit'aquis‚
1106 2784 1201 2826 aut
1226 2769 1319 2826 ille
1348 2785 1563 2823 sereno.

338 2860 683 2936 Principium
702 2877 905 2937 pugnae
923 2869 1136 2910 turmas
1155 2850 1389 2928 Asopius
1408 2853 1673 2926 Hypseus

266 2944 531 2999 OEbalias
558 2943 825 3021 (namque
838 2941 926 2997 hae
940 2957 1204 3015 magnum
1228 2950 1282 2995 et
1307 2934 1514 3013 gentile

485 3039 761 3083 tumentes

868 3126 876 3152 x
