2079 3613
1650 339 1684 364 d

393 351 452 416 56
606 358 1055 421 THEBAmOS,
1112 360 1251 406 Lm.
1304 362 1383 407 11.
1647 366 1719 409 ς),

275 459 436 518 Exsilit
459 459 516 514 ad
539 459 814 533 Superos,
845 457 1170 532 infernaque
1200 454 1392 512 nubila
1417 455 1577 513 vultu

272 545 490 615 Discutit,
517 556 569 599 et
587 543 736 600 vivis
757 541 1033 598 afflatibus
1057 561 1160 596 ora
1180 552 1425 597 serenat.

268 631 385 687 Inde
402 650 489 708 per
505 632 796 685 Arcturum
812 668 828 696 ‚
858 625 1170 700 mediaeque
1192 623 1409 681 silentia
1427 623 1569 680 lunae
1583 666 1599 694 ‚
1649 623 1660 631 ⁶

258 723 379 773 Arva
405 737 581 791 super,
614 712 969 792 populosque
994 724 1170 769 meat.
1204 712 1394 787 Sopor
1423 710 1628 768 obvius
1650 710 1734 767 ini

260 800 423 857 Noctis
436 802 621 877 agebat
641 816 846 874 equos;
867 795 1244 874 trepidusque
1268 798 1505 871 assurgit
1526 796 1732 854 honori

257 886 510 956 Numinis,
543 899 602 941 et
630 897 789 941 recto
823 881 1045 940 decedit
1073 882 1255 938 limite
1283 883 1441 953 coeli.

253 972 468 1028 Inferior
501 972 650 1030 volat
682 964 879 1026 umbra
917 976 1037 1025 Deo
1060 1010 1078 1037 ‚
1113 981 1510 1045 praereptaque
1541 972 1730 1027 noscit

252 1055 436 1126 Sidera,
457 1055 904 1132 principiumque
923 1056 1027 1111 sui.
1044 1055 1287 1128 Jamque
1305 1054 1402 1109 ard
1413 1076 1481 1110 ua
1495 1056 1730 1133 Cyrrhae
1791 1090 1798 1101 ι

248 1139 592 1217 Pollutamque
625 1160 729 1197 suo
761 1138 1066 1214 despectat
1093 1137 1338 1193 Phocida
1364 1139 1549 1196 busto.

249 1226 466 1282 Ventum
482 1239 597 1283 erat
617 1228 690 1283 ad
710 1224 957 1283 Thebas,
971 1223 1204 1280 Gemuit
1216 1245 1397 1302 prope
1412 1225 1599 1283 limina
1614 1228 1734 1284 nati

241 1314 421 1380 La'iuS,
451 1325 502 1367 et
526 1325 694 1368 notos
723 1323 1023 1367 cunctatur
1049 1309 1188 1364 inire
1216 1323 1467 1385 penates,

242 1395 313 1449 Ut
338 1414 461 1451 vero
484 1394 713 1452 excelsis
734 1407 951 1451 suamet
972 1396 1104 1470 juga
1125 1394 1254 1449 nixa
1276 1394 1551 1451 columnis

237 1478 415 1547 Vidit,
452 1493 506 1536 et
527 1481 768 1537 infectos
795 1479 1100 1534 etiamnum
1129 1479 1400 1554 sanguine
1427 1498 1656 1549 curm,

230 1567 393 1622 Poene
417 1580 561 1622 retro
588 1562 853 1623 turbatus
879 1564 1016 1620 abit.
1045 1568 1155 1620 Vix
1184 1585 1394 1620 summa
1420 1566 1672 1622 tonantis

226 1652 383 1709 Jussa
403 1696 418 1725 ‚
452 1674 558 1710 nec
583 1653 843 1711 Arcadiae
864 1650 1115 1708 retinent
1140 1652 1442 1727 spiramina
1466 1653 1656 1728 virgae.

288 1742 360 1794 Et
382 1751 516 1795 tunc
538 1741 688 1796 forte
716 1738 838 1795 dies
864 1749 998 1792 noto
1024 1736 1243 1814 signata
1269 1738 1516 1793 tonantis

196 1824 475 1880 'Fulmine
493 1866 509 1893 ‚
537 1823 816 1899 praerupti
841 1843 966 1880 cum
987 1835 1043 1877 te
1060 1863 1077 1892 ‚
1106 1834 1272 1878 tener
1288 1822 1454 1892 Evie,
1483 1835 1688 1898 partus

208 1908 596 1963 ‘Transmisere
628 1906 777 1979 patri
800 1924 813 1959 ι
843 1905 1032 1980 Tyriis
1055 1926 1120 1958 ea
1145 1924 1308 1959 causa
1336 1906 1549 1961 colonis

203 1995 538 2062 Insomnem
557 1989 693 2047 ludo
716 1992 971 2047 certatim
996 1988 1238 2046 educere
1258 2003 1486 2046 noctem

196 2079 493 2134 Suaserat.
520 2077 699 2135 Effusi
722 2077 932 2153 passim
952 2097 1061 2155 per
1082 2089 1234 2133 tecta
1250 2118 1266 2147 ,
1295 2096 1402 2152 per
1421 2095 1583 2153 agros
1597 2119 1615 2146 ‚

191 2164 359 2219 Serta
390 2162 576 2234 inter,
610 2184 933 2239 vacuosque
959 2161 1119 2219 me'ro
1146 2176 1393 2220 crateras
1412 2163 1669 2219 anhelum

181 2249 531 2306 Proflabant
550 2249 657 2306 sub
676 2250 804 2309 luce
824 2251 1027 2309 Deum.
1046 2254 1195 2305 Tum
1209 2248 1450 2325 plurima
1467 2252 1646 2309 buxus
1662 2293 1678 2321 ‚

176 2334 450 2409 AEraque
471 2336 728 2392 taurinos
749 2335 937 2392 sonitu
959 2335 1238 2392 vincentia
1264 2335 1474 2413 pulsus.

146 2443 149 2446 1
170 2420 318 2491 Ipse
342 2420 533 2477 etiam
553 2420 802 2497 gaudens
824 2441 1121 2478 nemorosa
1146 2440 1253 2496 per
1274 2420 1396 2478 avia
1420 2441 1582 2478 sanas

165 2506 524 2581 Impulerat
544 2522 754 2565 matres
780 2507 1001 2566 Baccho
1027 2507 1258 2565 meliore
1278 2508 1586 2565 Cithaeron.

243 2591 478 2665 Qualia
497 2614 613 2670 per
625 2593 950 2666 Rhodopen
967 2593 1168 2667 rapido
1190 2592 1451 2650 convivia
1480 2604 1629 2651 coetu

145 2674 492 2748 Bistones,
525 2692 628 2735 aut
652 2677 851 2734 mediae
874 2691 1096 2753 ponunt
1123 2676 1469 2733 convallibus
1496 2675 1667 2735 Ossae.

136 2758 284 2815 Illis
312 2763 745 2819 semianimum
766 2782 980 2841 pecu5,
1022 2781 1383 2838 excussaeque
1405 2760 1633 2819 leonum

135 2847 271 2901 Ore
297 2845 551 2924 dapeS,
585 2862 643 2904 et
661 2850 805 2905 lacte
826 2855 973 2907 novo
999 2844 1276 2904 domuisse
1305 2866 1564 2905 cruorem

135 2934 272 2988 Lux
282 2950 400 3001 us;
440 2946 512 2988 at
533 2932 743 3012 Ogygii
767 2935 812 2991 si
838 2933 1067 3011 quando
1087 2933 1296 2991 afflavit
1322 2934 1514 2991 Iacchi

135 3015 351 3076 3aeyus
398 3017 577 3074 odor
597 3059 614 3088 ‚
654 3033 790 3077 tunc
829 3042 961 3078 saxa
997 3040 1169 3078 manu
1185 3062 1200 3091 .,
1244 3033 1380 3079 tunc
1415 3022 1621 3097 pocula

295 3101 663 3178 pulchrum
