2079 3613
194 219 320 302 494
458 231 895 298 εῖινΑιωΜ,
951 238 1091 284 Lm.
1144 237 1227 284 11.
1362 236 1433 289 23

334 331 576 387 Romani
593 330 794 387 colitur
812 331 970 389 chori
991 330 1271 388 sacerdos·

333 415 500 472 Felix
520 458 535 484 ,
567 418 600 473 ὃ
621 417 818 486 nimis,
844 432 899 472 et
920 417 1084 473 beata
1113 415 1311 471 tellus!

336 503 473 573 Quae
490 522 702 580 pronos
727 502 1067 580 Hyperionis
1085 514 1300 557 meatus
1393 534 1426 569 ς

336 586 574 644 Summis
592 589 807 646 Oceani
834 588 990 646 vides
1013 590 1071 643 in
1091 589 1255 644 undis
1275 630 1292 658 ‚

330 672 753 750 stridoremque
772 688 909 733 rotae
924 674 1181 733 cadentis
1197 672 1387 730 audis:

331 762 468 829 Quae
492 760 785 829 Tritonide
811 759 1022 816 fertiles
1041 758 1294 815 Athenas

328 845 556 911 Unctis,
576 846 773 901 Baetica
792 887 807 914 ‚
833 864 1114 920 provocas
1142 844 1378 919 trapetis
1405 848 1420 901 Ξ

333 930 626 986 Lucanum
647 944 810 1008 potes
836 932 1114 1008 imputare
1134 930 1300 987 terris
1324 950 1341 1000 ;

327 1020 448 1073 Hoc
473 1018 602 1093 plus
624 1019 1082 1097 quam-Senecam
1113 1017 1336 1073 dedisse
1357 1021 1567 1076 mundo
1584 1064 1600 1092 ,

323 1104 440 1159 Aut
457 1104 676 1161 dulcem
706 1124 997 1180 generasse
1021 1103 1356 1162 Gallionem.

328 1189 569 1246 Attollat
585 1192 786 1247 refluos
802 1189 859 1244 in
874 1202 1018 1245 astra
1038 1191 1215 1246 sontes

308 1273 504 1331 ‘Graio
525 1275 767 1331 nobilior
783 1275 990 1330 Melete
1011 1275 1193 1331 Baetis.

324 1360 526 1427 Baetin,
554 1364 783 1416 Mantua
805 1402 822 1429 ,
850 1380 1160 1437 provocare
1185 1359 1326 1416 noli.

394 1445 602 1500 Natum
617 1445 875 1521 protinus
890 1486 905 1513 ,
928 1456 1092 1518 atque
1117 1444 1348 1502 humum
1369 1467 1476 1524 per
1499 1448 1679 1526 ipsam

322 1529 509 1585 Primo
536 1539 821 1586 murmure
847 1528 1012 1586 dulce
1042 1530 1357 1606 vagientem

318 1615 534 1672 Blando
561 1616 815 1694 Calliope
844 1617 964 1673 sinu
985 1618 1224 1692 recepit.

321 1700 465 1756 Tum
492 1701 736 1778 primum
765 1704 951 1780 posito
977 1703 1204 1758 remissa
1227 1704 1379 1765 luctu
1439 1711 1464 1731 ‘

322 1786 544 1864 Longos
567 1787 824 1865 Orpheos
851 1787 1004 1846 exuit
1031 1787 1255 1845 dolores
1284 1810 1295 1842 z
1339 1822 1343 1827 ·

394 1876 465 1929 Et
486 1873 627 1931 dixit
648 1894 661 1930 ε
689 1898 719 1928 ι(
750 1878 893 1930 Puer
910 1877 945 1930 ὀ
962 1875 1159 1931 'dicate
1177 1874 1382 1931 Musis!

317 1981 343 2012 α
374 1963 676 2035 Longaevos
703 1960 812 2015 cito
835 1959 1133 2017 transiture
1153 1972 1308 2017 vates
1330 2002 1346 2030 ,

321 2068 350 2097 κ
378 2045 508 2100 Non
531 2056 588 2100 tu
606 2045 829 2101 flumina
848 2088 863 2115 ‚
887 2067 994 2102 nec
1012 2065 1211 2122 greges
1227 2046 1468 2102 ferarum

312 2151 339 2180 α
360 2132 478 2185 Nec
496 2128 713 2205 plectro
728 2126 952 2187 Geticas
968 2130 1219 2187 movebis
1240 2150 1438 2187 ornos:

312 2238 339 2266 «
369 2213 477 2269 Sed
505 2227 724 2291 septem
750 2218 878 2293 juga
896 2259 912 2287 ‚
942 2218 1331 2292 Martiumque
1354 2217 1586 2295 Tybrim
1609 2259 1626 2287 ‚

310 2323 339 2351 «
366 2302 437 2355 Et
453 2299 631 2356 celsos
648 2302 884 2377 Equites
900 2343 917 2371 ‚
948 2314 1005 2357 et
1023 2300 1330 2378 eloquente

314 2408 341 2438 α
365 2385 551 2440 Cantu
570 2404 918 2462 purpureum
937 2384 1130 2444 trahes
1150 2388 1435 2442 Senatum.

311 2494 338 2524 α
371 2471 690 2526 Nocturnas
707 2471 799 2526 alii
817 2471 1104 2548 Phrygum
1124 2472 1315 2527 ruinas
1335 2514 1352 2542 ,

308 2580 336 2609 «
363 2558 432 2612 Et
458 2557 618 2613 tarde
644 2556 866 2612 reducis
892 2555 1010 2612 vias
1034 2556 1221 2633 Ulyssi
1245 2599 1262 2627 ‚

307 2667 336 2697 α
363 2645 432 2698 Et
452 2662 704 2718 puppem
722 2642 1079 2697 temerariam
1099 2643 1363 2700 Minervae
1379 2686 1394 2713 ‚

304 2753 332 2781 «
352 2728 514 2784 Trita
539 2728 762 2785 vatibus
789 2731 967 2783 orbita
985 2769 1000 2796 ‚
1031 2741 1346 2802 sequantur
1369 2749 1385 2784 t

308 2837 337 2866 «
362 2816 453 2869 Tu
468 2833 631 2871 carus
657 2813 821 2868 Latio
845 2854 862 2882 ‚
890 2833 1213 2887 memorque
1231 2814 1437 2889 gentis,

302 2923 331 2951 κ
358 2900 600 2955 Carmen
626 2899 825 2954 fortior
843 2914 1067 2955 exseres
1093 2909 1365 2974 togatum.

284 3009 335 3060 ,ᾳ
362 2986 705 3062 Ati-primum
729 3025 746 3055 ,
777 2983 983 3042 teneris
1007 2983 1194 3043 adhuc
1225 2984 1278 3042 in
1299 2985 1484 3054 anni5‚
