2079 3613
395 286 493 358 17⁸
631 278 1072 344 τΗΕΒΑῙυοε,
1126 285 1268 333 mn.
1319 288 1451 334 vn.
1624 276 1746 355 ¹87

254 402 284 431 α
306 381 467 437 Cedo
502 379 780 456 equidem.
816 384 940 454 Quo
976 399 1135 437 sacra
1175 394 1389 452 tamen,
1423 382 1676 458 ritusque

457 477 766 543 peremptae

254 551 536 621 «Gentis3
575 566 633 609 et
669 554 730 607 in
769 551 1047 623 tumuloS,
1087 552 1135 609 si
1175 553 1315 628 quid
1350 552 1495 609 male
1528 552 1664 609 foeta
1756 586 1761 590 -

469 637 699 716 reliquit

253 745 282 774 «
302 724 486 779 Mater
504 766 520 796 ‚
555 725 711 782 abire
741 722 954 800 jubes?
981 723 1241 781 Thracen
1262 765 1278 795 ,
1313 723 1602 802 sylvasque

472 809 721 889 Lycurgi
741 811 768 867 ἐ’

254 916 281 944 «
303 895 468 949 Anne
495 896 866 972 triumphatos
886 897 1097 973 fugiam
1123 896 1383 972 captivus
1400 896 1475 952 ad
1494 894 1662 952 Indos
1677 896 1705 948 Ρ

252 1001 280 1029 «
304 979 601 1055 Dalsedem
619 984 879 1056 profugo.
909 978 1096 1038 Potuit
1116 982 1353 1037 Latonia
1374 981 1552 1037 frater

250 1089 278 1116 «
300 1067 445 1121 Saxa
478 1065 619 1143 (nec
645 1065 908 1142 invideo)
933 1066 1180 1140 defigere
1208 1067 1422 1135 Delon,
1451 1079 1507 1121 et
1534 1066 1653 1121 imis

251 1173 283 1201 κ
299 1150 707 1206 Commendare
735 1149 909 1205 fretis·
935 1150 1084 1207 Cara
1109 1149 1389 1207 submovit
1411 1150 1483 1206 ab
1504 1169 1631 1206 arce

252 1259 281 1287 «
302 1235 546 1291 Hostiles
572 1235 821 1292 Tritonis
850 1256 1043 1311 aquas,
1068 1234 1206 1291 Vidi
1232 1235 1356 1311 ipse
1385 1248 1677 1312 potentem

249 1345 278 1373 «
299 1320 579 1378 Gentibus
600 1321 728 1377 Eois
749 1322 1047 1396 Epaphum
1066 1320 1201 1378 dare
1218 1323 1342 1396 jura
1354 1339 1371 1394 ;
1401 1341 1506 1379 nec
1534 1319 1670 1376 ullas

252 1429 279 1457 «
302 1405 533 1483 Cyllene
559 1420 776 1464 secreta
793 1406 953 1463 tubas
971 1450 987 1475 ,
1008 1407 1278 1463 Minoave
1307 1418 1465 1462 curat

250 1514 277 1541 α
305 1491 426 1548 Ida.
449 1494 601 1566 Quid
618 1535 633 1563 ‚
658 1493 770 1549 heu
788 1492 799 1546 !
818 1504 1036 1548 tantum
1059 1494 1263 1549 nostris
1283 1490 1581 1548 offenderis
1601 1488 1752 1548 aris?

251 1605 280 1629 κ
311 1580 411 1635 Hic
437 1580 537 1635 tibi
561 1579 825 1658 (quando
844 1579 1025 1635 minor
1050 1581 1159 1654 jam
1179 1590 1367 1634 nostra
1388 1575 1673 1654 potentia)

472 1680 671 1722 noctes
1132 1718 1135 1725 ,
1528 1720 1533 1723 ,

254 1773 283 1801 «
304 1750 593 1805 Herculeae
608 1793 624 1821 ,
648 1751 1003 1829 placitusque
1034 1771 1190 1827 vagae
1206 1752 1513 1829 Nycteidos
1544 1750 1746 1809 ardor:

249 1860 277 1888 α
303 1836 412 1891 Hic
437 1838 674 1913 Tyrium
693 1855 862 1912 genus
879 1877 896 1905 ‚
926 1850 982 1891 et
1007 1850 1200 1893 nostro
1226 1839 1444 1892 felicior
1469 1840 1597 1912 igne

254 1945 282 1975 ιι
306 1926 526 1979 Taurus
549 1940 562 1976 ε
592 1924 914 1998 Agenoreos
934 1922 1132 1976 saltem
1157 1933 1338 1977 tutare
1362 1934 1613 1995 nepotes,
1635 1945 1664 1975 »

319 2008 595 2065 Invidiam
621 2008 743 2063 risit
768 2018 961 2084 pater3
992 2003 1050 2062 et
1073 2009 1187 2083 jam
1211 2006 1429 2083 poplite
1456 2005 1655 2063 flexum
1671 2048 1687 2078 ‚

246 2096 704 2171 sternentemque
718 2113 917 2149 manus
932 2092 1268 2168 tranquillus
1283 2092 1357 2149 ad
1374 2090 1561 2149 oscula
1576 2092 1750 2168 touit;

245 2180 424 2256 Inque
447 2182 627 2239 vicem
650 2177 875 2258 placida
902 2198 1026 2238 orsa
1053 2180 1225 2236 refert
1247 2197 1261 2235 τ
1296 2201 1326 2231 α
1342 2178 1395 2235 N
1399 2198 1471 2235 on
1492 2177 1748 2254 conjugis

458 2269 563 2324 ista

248 2374 276 2402 «
297 2351 586 2419 Consiliis,
613 2365 679 2408 ut
704 2371 857 2421 rere,
878 2370 1052 2427 puer,
1076 2370 1185 2407 nec
1211 2370 1350 2409 saeva
1374 2350 1593 2426 roganti

247 2460 276 2488 «
299 2437 386 2491 Sic
413 2449 679 2511 expostus
704 2456 824 2510 ege.
851 2440 1095 2493 Immoto
1122 2437 1456 2499 ,deducimur
1480 2436 1617 2493 orbe

245 2543 272 2571 α
299 2524 557 2575 Fatorum
584 2539 598 2573 ε
625 2532 877 2590 vetereS,
905 2541 1146 2595 seraeque
1171 2520 1231 2575 in
1256 2507 1451 2597 Iiroelia
1475 2541 1665 2579 causae.

243 2627 272 2655 α
299 2607 440 2659 Nam
462 2601 554 2658 cui
574 2613 730 2657 tanta
749 2602 912 2677 quies
931 2603 1139 2658 irarum
1154 2602 1183 2661 ’.Ρ
1201 2616 1297 2657 aut
1316 2604 1599 2677 sanguinis
1617 2624 1743 2660 usus
1773 2633 1781 2645 =
1818 2605 1827 2622 ⁸

246 2713 274 2741 α
298 2688 523 2745 Parcior
542 2686 822 2746 humani?
846 2685 1000 2744 videt
1025 2685 1171 2755 axis,
1201 2697 1259 2742 et
1284 2686 1388 2742 ista
1408 2705 1510 2762 per
1533 2706 1707 2744 aevum

247 2798 275 2826 ιι
295 2777 517 2831 Mecum
544 2786 750 2830 aeterna
777 2772 1005 2843 domus,
1036 2770 1398 2850 quoties-jam
1424 2781 1573 2826 torta

448 2878 721 2937 reponam

248 2968 274 2995 α
299 2942 595 3002 Fulmina?
619 2966 786 3021 quam
812 2965 968 3002 rarus
995 2944 1156 3002 terris
1179 2944 1276 3001 hic
1307 2944 1549 3022 imperet
1575 2943 1733 3023 ignis.

249 3052 277 3084 α
299 3027 448 3104 Quin
472 3030 637 3086 etiam
664 3030 868 3089 invitus
893 3050 1095 3108 magna
1121 3028 1547 3107 uleiscendaque
1564 3033 1741 3108 passis
