2079 3613
475 275 588 346 ‘426
720 237 1156 338 rhamnos,
1207 274 1360 323 mv,
1415 277 1519 324 vr.
1714 270 1825 327 16!

346 362 867 447 OEdipodioniden.
895 372 933 427 J
937 391 1021 426 am
1052 368 1210 426 illinc
1239 390 1268 423 a
1294 367 1485 425 limine
1512 366 1752 439 discors»,

349 459 647 534 Iratusque
676 458 830 514 oneri
857 455 1079 512 insolito
1108 454 1473 511 truculentior
1499 454 1675 511 ardet.

344 541 626 599 Inachidae
652 542 889 598 credunt
909 559 1208 597 accensum
1229 537 1520 596 laudibus:
1549 537 1641 593 iile

345 624 604 702 Aurigam
630 626 770 702 fugit
786 671 803 695 ,
828 624 1027 702 aurigae
1053 623 1248 682 furiale
1273 622 1515 680 minatur

345 708 563 765 Efferus
582 750 600 780 ‚
630 721 688 765 et
723 729 927 787 campo
952 710 1237 768 dominum
1260 706 1648 784 circumspicit
1674 708 1844 764 omni.

365 818 378 829 ³
412 794 553 849 Ante
590 806 782 850 tamen
821 807 1055 853 cunctos
1093 793 1342 869 sequitur
1363 834 1379 865 ,
1410 790 1688 868 longeque

560 879 835 936 secundus

273 1002 290 1014 „
350 962 729 1038 Amphiaraus
754 964 900 1037 agit,
933 984 1103 1038 quem
1135 963 1431 1019 Thessalus
1456 974 1638 1038 aequat
1659 964 1849 1020 eundo

350 1045 647 1104 Admetus.
675 1049 845 1101 Juxta
869 1047 1109 1120 gemini,
1129 1066 1278 1105 nunc
1296 1048 1516 1102 Euneos
1540 1059 1666 1104 ante
1681 1087 1698 1116 ,

353 1131 424 1185 Et
447 1149 598 1187 nunc
626 1141 755 1189 ante
782 1129 988 1185 Thoas.
1013 1126 1268 1200 Cedunt,
1289 1128 1670 1206 vincuntque5
1697 1151 1802 1187 nec

556 1235 806 1292 unquam

348 1301 662 1361 Ambitiosa
686 1301 810 1378 pios
837 1298 1054 1398 collidit
1080 1300 1256 1378 gloria
1282 1302 1502 1359 fratres.

419 1389 771 1445 Postremum
796 1387 1102 1445 discrimen
1123 1401 1281 1445 erant
1298 1385 1555 1445 Chromis
1575 1403 1772 1461 asper,
1798 1398 1855 1441 et

570 1493 737 1552 asper

353 1556 780 1635 Hippodamus:
801 1580 919 1618 non
939 1574 1059 1619 arte
1078 1561 1246 1619 rudes
1263 1601 1280 1631 ‚
1305 1558 1402 1616 sed
1425 1559 1571 1615 mole
1591 1570 1854 1617 tenentur

354 1642 761 1721 Cornipedum.
794 1647 952 1703 Prior
984 1645 1379 1725 Hippodamus
1406 1646 1514 1725 fert
1539 1664 1635 1699 ora

356 1794 363 1800 ,
568 1743 906 1806 sequentum
927 1773 944 1802 ,
1277 1780 1285 1791 .

354 1815 482 1869 Fert
501 1811 759 1889 gemitus3
780 1814 1070 1889 multaque
1088 1815 1351 1871 humeros
1363 1813 1683 1870 incenditur
1697 1832 1850 1868 aura.

350 1894 610 1970 Speravit
635 1894 788 1951 flexae
812 1895 1025 1953 circum
1051 1898 1387 1971 compendia
1414 1910 1575 1952 metae
1591 1937 1608 1966 ‚

349 1981 594 2038 Interius
617 1980 801 2038 ductis
825 1979 1116 2039 Phoebeius
1138 2001 1318 2058 augur
1340 1980 1576 2038 habenis
1593 2023 1610 2049 ,

350 2066 694 2142 Anticipasse
723 2066 871 2125 viam
892 2104 909 2136 ,
933 2087 1039 2124 nec
1065 2086 1178 2123 non
1207 2080 1261 2124 et
1288 2065 1587 2125 Thessalus
1611 2064 1780 2122 heros

349 2149 463 2224 Spe
476 2151 746 2226 propiore
761 2152 933 2208 calet:
953 2151 1106 2220 dum,
1124 2172 1240 2210 non
1257 2151 1557 2209 cohibente
1574 2151 1855 2228 magistre,

350 2234 645 2311 Spargitur
667 2240 724 2293 in
749 2259 953 2315 gyroS,
985 2237 1295 2315 dexterque
1321 2252 1545 2298 exerrat
1570 2236 1768 2295 Arion.

419 2321 457 2375 J
461 2341 550 2375 am
574 2322 734 2397 prior
757 2322 1006 2393 onmes,
1035 2337 1092 2379 et
1119 2326 1232 2396 jam
1255 2343 1372 2379 non
1401 2325 1598 2379 tertius
1621 2321 1742 2378 ibat

349 2402 648 2474 AdmetuS‚
681 2405 806 2461 laxo
834 2425 963 2461 cum
991 2407 1220 2462 tandem
1245 2428 1317 2463 ex
1342 2408 1478 2463 orbe
1503 2406 1767 2463 reductus

347 2483 667 2556 AEquoreus
692 2487 911 2560 sonipes
930 2489 1165 2563 premit,
1193 2489 1493 2566 evaditque
1515 2510 1819 2568 parumper

349 2565 607 2630 GaviSOS.
631 2564 792 2620 Subit
817 2580 958 2622 astra
987 2573 1199 2642 fragor,
1224 2571 1538 2645 coelumque
1560 2571 1856 2639 tremiscit,

350 2651 670 2728 Omniaque
702 2668 938 2708 excusso
964 2663 1198 2727 patuere
1226 2653 1427 2709 sedilia
1455 2651 1642 2728 vulgo·

349 2737 460 2796 sed
487 2755 597 2791 nec
627 2733 749 2792 lora
778 2735 957 2810 regit,
982 2754 1089 2791 nec
1115 2734 1365 2808 verbera·
1377 2736 1617 2813 pallidus
1638 2738 1803 2816 addit

344 2820 719 2879 Labdacides.
747 2826 919 2878 Lassa
947 2823 1126 2880 veluti
1154 2823 1370 2882 ratione
1391 2825 1655 2900 magister

343 2910 408 2968 In
431 2906 657 2980 fluctus,
676 2907 735 2964 in
753 2928 887 2967 saxa
904 2908 1053 2981 ruit3
1081 2928 1188 2965 nec
1218 2911 1331 2985 jam
1356 2910 1598 2988 amplius
1612 2926 1759 2973 astra

351 2990 612 3072 Respicit
631 3035 650 3069 a
677 3006 734 3055 et
759 2995 967 3061 victam
990 2993 1232 3074 projecit
1260 2995 1474 3065 casibus
1501 3006 1701 3062 artem.
