2079 3613
546 273 646 334 155
737 283 1155 348 SYLVARUM,
1205 284 1348 355 Lm„
1400 289 1514 342 111.
1656 287 1779 346 505

273 366 504 451 ‘Invicta
528 371 763 448 dignare
784 397 994 434 manu:
1019 398 1116 436 seu
1139 380 1326 459 nubila
1351 383 1506 442 disco

286 452 528 510 Findere
543 499 558 527 ‚
579 477 674 514 seu
688 459 948 519 volucres
961 464 1261 542 Zephyros
1280 483 1622 544 praevertere
1643 471 1780 544 telo,

285 539 395 593 Seu
420 540 523 617 tibi
545 542 709 601 dulce
732 566 903 603 manu
927 547 1169 626 liquidas
1187 552 1401 611 nudare
1428 555 1709 631 palaestras
1726 599 1746 626 ,

284 623 517 700 Indulge
544 626 631 684 his
651 631 820 687 sacris
841 649 854 686 :
878 645 935 688 et
951 674 968 704 ,
992 635 1037 690 si
1060 633 1159 692 tibi
1182 656 1352 713 poma
1381 656 1674 715 supersunt

282 708 656 784 Hesperidum
671 755 688 783 ‚
719 717 933 791 gremio
953 718 1288 776 venerabilis
1311 720 1501 799 ingere
1527 724 1727 796 Pollae3

282 792 427 848 Nam
454 795 606 871 capit
625 840 644 865 ,
668 811 725 853 et
741 811 959 857 tantum
983 824 1101 859 non
1126 804 1466 882 dedignatur
1482 806 1779 867 honorem.

279 878 445 948 Quod
457 879 503 935 si
522 879 685 937 dulce
707 881 898 954 decus,
917 886 1236 964 viridesque
1253 902 1560 947 resumeret
1578 911 1778 965 annOS,
1806 966 1809 970 .

278 962 366 1016 Da
392 964 645 1035 veniam,
669 966 871 1023 Alcide
888 1010 903 1034 ‚
925 968 1044 1026 fors
1067 971 1199 1027 huic
1227 985 1287 1029 et
1310 995 1486 1048 pensa
1505 970 1745 1036 tulisses.

279 1047 414 1105 Haec
436 1067 540 1122 ego
567 1064 866 1109 nascentes
888 1053 1072 1111 laetum
1091 1055 1395 1115 bacchatus
1414 1059 1487 1114 ad
1510 1080 1631 1118 aras

241 1169 250 1177 .
279 1131 607 1191 Libamenta
631 1135 767 1192 tuli.»
784 1138 836 1193 N
840 1159 948 1195 unc
972 1141 1159 1216 ipsum
1175 1141 1235 1198 in
1254 1143 1445 1199 limine
1468 1164 1639 1203 cerno

279 1203 595 1264 Solventem
612 1223 802 1281 voce3‚
822 1224 877 1268 et
895 1213 1028 1270 talia
1048 1214 1201 1270 dicta
1217 1215 1517 1278 ferentem:

352 1327 383 1356 ιι
411 1307 604 1363 Macte
623 1308 819 1365 animis
843 1309 1158 1387 opibusque
1176 1352 1197 1384 ‚
1223 1332 1375 1371 meos
1395 1313 1612 1372 imitate

497 1389 718 1449 labores
747 1435 766 1464 ‚

277 1507 308 1538 κ
329 1485 438 1559 Qui
462 1485 668 1564 rigidas
687 1509 858 1565 rupes
874 1533 893 1559 ‚
921 1489 1363 1570 insoecundaeque
1379 1492 1647 1569 pudenda

279 1596 310 1626 α
336 1577 556 1630 Naturae
577 1577 802 1632 deserta
828 1575 1052 1646 domas»,
1082 1592 1138 1636 et
1161 1582 1333 1636 vertis
1352 1581 1409 1635 in
1430 1601 1594 1638 usum

280 1681 310 1710 «
337 1662 530 1714 Lustra
554 1658 808 1716 habitata
833 1662 999 1732 feris,
1029 1663 1287 1740 foedeque
1306 1664 1535 1722 latentia
1552 1667 1774 1742 profers

279 1765 308 1795 κ
331 1741 596 1798 Numina.
617 1749 752 1818 Quae
771 1744 874 1803 tibi
886 1766 1042 1803 nunc
1060 1748 1383 1806 meritorum
1398 1751 1630 1826 praemia

500 1828 711 1885 solvam
739 1828 767 1887 ’ἓ

275 1946 306 1977 κ
327 1929 479 1996 Quas
490 1907 723 1982 referam
738 1933 954 2000 grates}
974 1928 1285 1984 Parcarum
1300 1926 1392 1986 fila
1411 1930 1617 1989 tenebo
1628 1972 1648 2005 ‚

279 2033 308 2063 κ
333 2008 758 2085 Extendamque
775 2011 927 2069 colos
944 2031 958 2068 ε
977 2012 1174 2069 duram
1187 2014 1302 2073 scio
1316 2013 1535 2075 vincere

489 2108 729 2152 mortem
753 2118 766 2152 :
1113 2107 1118 2112 '

277 2195 590 2250 «Avertam
611 2194 794 2252 luctus
806 2236 822 2265 ‚
845 2206 903 2252 et
919 2195 1096 2255 tristia
1119 2196 1323 2278 damna
1338 2200 1544 2259 vetabo
1556 2243 1574 2271 ,

274 2304 308 2331 α
326 2281 520 2355 Teque
547 2278 690 2334 nihil
713 2278 930 2349 laesum,
960 2281 1129 2341 viridi
1147 2288 1435 2343 renovabo
1458 2300 1714 2358 senecta;

277 2389 306 2418 ιε
332 2363 772 2438 concedamque
793 2364 892 2420 diu
908 2367 1149 2439 juvenes
1175 2380 1435 2443 spectare
1455 2386 1687 2447 nepotes
1716 2391 1731 2431 ε

275 2472 306 2501 κ
332 2449 533 2503 Donec
561 2458 617 2502 et
637 2446 730 2502 hic
753 2466 975 2522 sponsae
1000 2460 1255 2507 maturus
1278 2462 1335 2507 et
1360 2450 1454 2506 illa
1474 2475 1485 2498 τ
1504 2454 1672 2513 »rito
1700 2476 1717 2529 ;

274 2558 307 2585 ιι
331 2534 546 2589 Rursus
573 2544 629 2587 et
658 2553 728 2589 ex
752 2531 860 2589 illis
885 2532 1105 2591 soboles
1124 2553 1273 2593 nova
1288 2576 1305 2609 ‚
1333 2554 1589 2613 grexque

493 2628 793 2693 protervus

273 2740 303 2769 «
327 2718 490 2772 Nunc
502 2712 753 2771 humeris
762 2714 1006 2792 irreptet
1021 2715 1134 2788 avi,
1150 2734 1303 2773 nunc
1317 2717 1538 2792 agmine
1548 2717 1772 2793 blando,
1789 2717 1804 2728 ’

271 2824 301 2855 κ
324 2799 592 2859 Certatim
622 2798 856 2876 placidae
875 2814 1178 2858 concurrat
1199 2799 1274 2878 ³51
1299 2803 1491 2858 oscula
1511 2802 1696 2862 Pollae.

273 2906 304 2936 α
323 2885 470 2940 Nam
483 2883 712 2961 templis
731 2904 1018 2963 nunquam
1044 2897 1327 2943 statuetur
1353 2885 1628 2945 terminus
1647 2890 1767 2962 aevi,

93 2963 99 2970 '
182 3008 186 3012 ,
275 2992 305 3022 κ
327 2967 478 3026 Dum
502 2990 592 3026 me
608 2970 939 3051 flammigeri
962 2971 1216 3049 portabit
1235 2970 1500 3028 machina
1526 2972 1681 3047 coeli3

388 3082 671 3141 S‘rA'rws.
752 3115 757 3120 ·
1405 3103 1482 3147 22
