2079 3613
277 312 404 384 340
548 311 987 385 τΗΕΒΑῐυοε,
1041 327 1182 375 ΜΒ.
1235 327 1339 374 xx.
1446 326 1552 396 432

269 419 398 476 Non
421 418 559 476 nihil
580 416 875 497 impulerat
903 420 1105 477 dubios
1122 462 1137 491 ‚
1168 420 1229 475 ni
1255 433 1413 478 torva
1440 437 1685 482 notasset
1728 443 1730 445 ’

269 502 581 580 Tisiphone
609 504 865 572 fraudes,
893 504 1216 581 coelestique
1245 507 1399 563 ocior
1424 506 1550 581 igne

273 590 516 647 Adforet
542 591 922 667 increpitans:
955 590 1148 662 «Quid
1174 589 1305 647 belli
1336 591 1652 650 obverteris
1732 617 1739 626 ·

478 693 651 743 aum,

269 783 302 810 a
323 759 545 815 Numen
563 758 736 829 iners,
757 757 997 836 pacique
1026 761 1267 822 datum?
1294 763 1450 834 cede,
1479 762 1771 841 improba!

396 915 405 922 ⁶
492 855 686 900 noster

271 951 299 983 «
319 928 430 987 Hic
458 939 714 1003 campus,
734 941 1034 1007 nosterque
1057 930 1197 987 dies.
1228 930 1388 988 Nunc
1415 951 1539 989 sera
1722 945 1764 988 Α

491 1027 761 1071 nocentes

270 1125 297 1153 «
319 1098 591 1156 Defendis
614 1097 858 1158 Thebas.
889 1100 1002 1156 Ubi
1028 1111 1163 1157 tunc
1183 1143 1200 1171 ,
1229 1121 1354 1158 cum
1383 1101 1524 1159 bella
1554 1103 1731 1159 cieret

270 1208 298 1237 ιι
318 1184 569 1241 Bacchus
588 1225 604 1254 ,
635 1196 693 1239 et
717 1197 957 1240 armatas
985 1185 1262 1242 furiarent
1291 1188 1441 1261 orgia
1470 1184 1717 1243 matres?

269 1295 297 1323 α
318 1273 432 1326 Aut
458 1268 555 1326 ubi
584 1270 768 1344 segnis
792 1289 944 1338 eras,
973 1268 1105 1323 dum
1138 1270 1369 1326 Martius
1392 1271 1564 1347 impia

409 1397 414 1401 .
487 1372 718 1427 serpens

267 1462 294 1492 α
313 1439 516 1513 Stagna
543 1433 729 1493 bibit?
749 1434 881 1491 dum
904 1435 1148 1493 Cadmus
1172 1450 1324 1494 arat.
1309 1436 1335 1475 '¹'
1362 1440 1495 1494 dum
1522 1441 1673 1497 victa

490 1518 642 1575 cadit
668 1516 948 1595 sphynx

275 1630 305 1661 «
324 1606 471 1662 Dum
494 1618 652 1681 rogat
672 1603 1010 1682 OEdipoden
1030 1606 1284 1683 genitor,
1309 1604 1443 1662 dum
1452 1606 1751 1684 ‚lampade

478 1703 668 1747 nostra
688 1733 705 1761 ‚

267 1799 298 1831 «
316 1778 386 1834 In
412 1774 683 1833 thalamos
715 1778 934 1834 Iocasta
963 1777 1208 1836 venit‘?»
1232 1778 1318 1836 Sic
1345 1789 1539 1865 unget,
1565 1788 1625 1835 et

486 1861 635 1918 ultro

261 1949 544 2005 vitantem
572 1962 826 2026 aspectus
850 1951 1014 2008 etiam
1044 1993 1060 2020 .,
1083 1948 1528 2025 pudibundaque
1552 1947 1718 2024 longe

171 2067 178 2072 -
258 2036 375 2092 Ora
400 2039 798 2103 reducentem,
826 2036 1032 2112 premit
1061 2035 1498 2090 adstridentibus
1522 2033 1717 2110 hydris
1746 2076 1762 2104 ⁷

229 2130 232 2131 ’
259 2119 625 2194 Intentatque
653 2119 822 2174 faces,
857 2122 1148 2192 Dejeetam
1174 2119 1231 2172 in
1255 2117 1462 2173 lumina
1483 2118 1688 2194 pallam

256 2201 402 2257 Diva
424 2201 628 2270 trahit,
656 2222 973 2277 magnoque
999 2204 1026 2255 f
1027 2203 1143 2276 ugit
1166 2214 1427 2276 questura
1456 2204 1718 2260 Tonanti.

329 2289 474 2343 Tum
502 2306 637 2342 vero
662 2306 912 2342 accensae
937 2285 1171 2343 stimulis
1195 2285 1496 2361 majoribus
1521 2288 1640 2344 irae:

259 2377 434 2432 Arma
449 2372 687 2450 ‘placent
706 2415 722 2443 ,
749 2393 1033 2448 versaeque
1063 2371 1260 2429 volunt
1285 2384 1543 2449 spectare

483 2460 760 2517 cohortes,

254 2549 573 2605 Instaurant
600 2543 829 2601 crudele
856 2546 1034 2602 nefas·
1063 2546 1188 2602 Rex
1215 2545 1424 2621 impius
1450 2558 1605 2622 aptat

254 2634 425 2703 Tela,
454 2645 508 2688 et
536 2633 765 2688 sunestae
794 2650 982 2685 casum
1007 2631 1165 2708 prior
1188 2643 1427 2705 occupat
1445 2629 1636 2687 hastae.

252 2719 355 2774 Illa
381 2719 529 2775 viam
555 2717 796 2773 medium
826 2716 1011 2793 clypei
1039 2730 1241 2774 conata
1266 2736 1368 2791 per
1391 2715 1586 2771 orbem

248 2805 614 2880 Non-perfert
639 2792 818 2872 ictus,
851 2815 1020 2877 atque
1048 2802 1161 2858 alto
1191 2802 1436 2859 vincitur
1459 2822 1616 2858 auro.

248 2893 408 2944 Tunc
437 2889 589 2946 exsul
615 2887 799 2957 subit,
829 2898 885 2942 et
913 2885 1062 2942 clare
1090 2888 1310 2942 funesta
1339 2900 1600 2961 precatur
1625 2911 1639 2944 ι

324 2997 352 3024 α
373 2974 479 3040 Di,
509 2991 650 3045 quos
674 2973 877 3028 effosso
904 2990 1018 3026 non
1046 2971 1234 3027 irritus
1262 2989 1358 3026 ore
1378 2972 1599 3046 rogavit

252 3083 280 3112 α
303 3056 659 3131 OEdipodes,
684 3057 904 3128 firmate
930 3056 1115 3114 nefas!
1143 3059 1270 3114 Non
1295 3055 1555 3132 improba
1580 3077 1755 3137 poseo
