2079 3613
382 259 489 314 625
631 254 1073 315 THEBAIDOS,
1129 256 1266 303 121ss.
1319 258 1368 303 1.
1670 248 1742 305 25

253 380 282 409 κ
304 357 562 429 Impastae
579 348 794 426 fugistis
813 370 971 420 aves,
996 348 1364 423 rabidamque
1387 368 1590 405 canum
1607 349 1718 407 vim
1731 392 1748 421 ,

256 443 527 515 «Oraque
565 437 711 492 sicca
751 436 936 492 ferunt
975 433 1327 510 trepidorum
1363 433 1601 491 inhiasse

389 525 669 600 luporum.

251 643 277 672 «
298 610 547 674 Saevior
530 635 590 670 m
614 613 841 673 miseros
875 614 1002 670 fatis
1027 611 1239 670 ultricis
1267 611 1535 689 ademptae

249 736 276 765 «
294 709 490 767 Delius
515 708 754 786 insurgit
772 750 788 781 ,
816 728 1144 783 summaque
1169 706 1458 763 biverticis
1483 706 1679 762 umbra

250 816 280 851 κ’
297 794 552 854 Parnassi
577 793 853 865 residenS,
886 815 1024 852 arcu
1052 790 1295 850 crudelis
1321 790 1511 867 iniquo

251 881 563 937 «Pestifera
608 897 762 935 arma
800 880 935 953 jacit
965 899 980 951 ;
1025 895 1373 955 camposque
1418 888 1471 934 et
1508 877 1655 934 celsa

392 964 713 1042 Cyclopum

250 1083 277 1113 α
296 1065 474 1116 Tecta
491 1100 507 1129 ,
536 1042 859 1134 superjecto
882 1056 1212 1114 nebularum
1237 1055 1489 1112 incendit
1515 1058 1742 1116 amictu.

253 1168 279 1197 κ
298 1144 581 1198 Labuntur
603 1142 797 1199 dulces
821 1141 1034 1196 animae.
1064 1142 1219 1197 Mors
1244 1138 1339 1196 ffla
1363 1159 1614 1198 sororum

254 1231 444 1286 «Ense
482 1229 641 1285 metit
667 1270 683 1299 ,
731 1239 1067 1304 captamque
1112 1238 1307 1284 tenens
1344 1226 1454 1283 fert
1495 1226 1750 1285 manibus

389 1312 607 1370 urbem.
778 1388 789 1399 υ
922 1378 933 1387 ⁴

245 1431 274 1460 κ
293 1406 597 1480 Quaerenti,
615 1428 735 1483 quae
751 1427 935 1478 causa,
957 1407 1088 1464 duci
1103 1427 1117 1478 ;
1136 1407 1259 1483 quis
1275 1407 1346 1463 ab
1362 1406 1562 1465 aethere
1579 1408 1745 1467 laevus

241 1517 270 1546 α
288 1492 467 1572 Ignis,
500 1507 555 1550 et
582 1494 641 1549 in
662 1505 842 1550 totum
866 1504 1124 1570 regnaret
1149 1493 1322 1555 Sirius
1348 1514 1590 1550 annum:

241 1603 269 1631 α
291 1577 454 1633 Idem
481 1590 677 1634 auctor
699 1580 863 1634 Paean
888 1597 1075 1634 rursus
1096 1577 1256 1654 jubet
1281 1578 1361 1634 ire
1390 1593 1628 1637 cruento

243 1694 269 1721 α
290 1668 532 1727 Inferias
555 1684 806 1727 monstro
834 1671 1098 1746 juveneS,
1127 1669 1226 1745 qui
1257 1671 1406 1727 caede
1435 1672 1625 1748 potiti.

242 1779 270 1808 «
290 1757 598 1814 Fortunate
624 1755 823 1827 animi,
853 1754 1196 1831 longumq‘ue
1222 1753 1281 1810 in
1306 1757 1492 1813 secula
1522 1757 1691 1837 digne

242 1872 271 1900 κ
290 1849 657 1906 Promeriture
682 1848 864 1905 diem!
894 1857 1010 1904 n'on
1034 1860 1098 1904 tu
1121 1848 1217 1923 pia
1240 1848 1481 1922 degener
1506 1872 1656 1909 arma

239 1957 268 1986 α
289 1932 547 2006 Occulis,
578 1946 674 1990 aut
699 1946 866 1989 certae
893 1934 1143 2008 trepidas
1172 1952 1472 1990 occurrere
1499 1936 1686 1992 morti.

238 2021 555 2078 «Cominus
581 2027 680 2077 ora
705 2019 896 2076 ferens
914 2060 930 2089 .‚
961 2016 1217 2094 Cyrrhaei
1245 2017 1305 2071 in
1326 2016 1516 2075 limine
1545 2024 1739 2101 templi

238 2129 266 2158 κ
286 2105 559 2177 Constitit
575 2148 590 2177 ,
621 2119 680 2163 et
704 2125 890 2163 sacras
914 2103 991 2161 ita
1017 2102 1254 2161 vocibus
1281 2117 1503 2180 asperat
1528 2108 1657 2165 iras,

308 2223 338 2253 κ
357 2200 489 2257 Non
520 2201 749 2271 missuS,
789 2197 1123 2275 Thymbraee
1143 2239 1158 2270 ,
1200 2209 1327 2254 tuos
1359 2198 1693 2276 supplex-ve

377 2298 617 2362 penates

235 2404 264 2433 κ
285 2377 543 2436 Advenio
569 2399 582 2435 :
604 2400 728 2436 mea
758 2401 847 2440 me
873 2381 1083 2457 pietaS,
1120 2391 1173 2437 et
1205 2381 1426 2437 conscia
1451 2382 1625 2439 virtus

233 2497 263 2525 c
283 2475 398 2529 Has
419 2494 581 2547 egere
602 2472 737 2531 vias.
768 2475 884 2547 Ego
910 2492 1064 2542 sum,
1095 2473 1194 2547 qui
1224 2472 1374 2529 caede
1402 2473 1620 2549 subegi,

232 2588 261 2617 κ
281 2563 518 2632 Phoebe,
557 2575 717 2618 tuum
752 2564 986 2619 mortale
1023 2566 1208 2635 nefas;
1248 2571 1419 2641 quem
1453 2566 1697 2632 nubibus

380 2662 512 2728 atris
531 2691 547 2715 ,

231 2762 259 2793 κ
280 2740 355 2793 Et
376 2719 668 2811 squalente
690 2733 781 2790 die
797 2775 813 2804 ,
840 2733 998 2809 nigra.
1017 2753 1186 2809 quem
1212 2734 1337 2790 tabe
1358 2734 1567 2791 sinistri

230 2854 258 2885 (ι
281 2828 525 2904 Quaeris,
563 2827 785 2905 inique,
827 2825 962 2906 poli.
995 2827 1165 2900 Quod
1201 2827 1247 2883 si
1274 2840 1519 2885 monstra
1557 2830 1730 2892 effera

376 2911 587 2991 magnis

229 3036 258 3068 ι(
281 3014 428 3070 Cara
456 3011 595 3068 adeo
623 3006 884 3089 Superis,
911 3012 1237 3090 iacturaque
1260 3012 1424 3075 vilior
1446 3009 1632 3088 orbi,
1661 3049 1666 3055 ·

353 3110 632 3168 Sumus.
1445 3130 1480 3173 2
