2079 3613
558 275 667 354 7'60
800 278 1251 342 malannum,-
1299 280 1444 332 mn.
1493 287 1570 334 x.
1694 274 1817 334 311

322 372 702 453 Despexitque
723 376 876 431 acies
896 376 1216 448 hominum,
1244 389 1302 432 et
1327 374 1569 433 clamore

545 459 826 536 profundo

321 555 612 612 Convertit
632 573 924 632 campum,
923 587 926 588 ν
952 556 1223 631 jussitque
1252 556 1467 612 silentia
1494 555 1659 612 bello.

397 664 428 695 «
445 642 745 698 Armorum
775 642 973 717 Superi
992 684 1005 708 ‚
1028 654 1205 717 tuque
1223 683 1239 710 ‚
1263 642 1299 696 ὀ
1317 642 1413 717 qui
1438 642 1645 697 funere
1668 651 1825 697 tento

322 746 350 776 «
374 724 636 799 Indulges
661 725 838 797 mihi,
869 725 1071 783 Phoebe
1087 768 1101 795 ‚
1125 727 1292 795 mori,
1320 725 1449 783 date
1468 725 1671 803 gaudia

523 809 757 866 'Thebis

320 931 348 961 α
369 902 505 981 Quae
529 906 724 983 pepigi
740 950 755 977 ‚
784 918 841 962 et
866 917 986 961 toto
1009 926 1133 981 quae
1151 909 1418 982 sanguine
1438 908 1710 986 prodigus

534 1010 659 1046 emi.

320 1111 349 1141 α
370 1091 541 1143 Ferte
559 1085 718 1140 retro
739 1084 949 1141 bellum
964 1127 979 1154 ‚
1004 1098 1286 1163 captaeque
1310 1087 1600 1164 impingite
1618 1092 1817 1147 Lernae

320 1196 349 1224 α
369 1170 667 1247 Relliquias
693 1181 887 1246 turpes
909 1212 925 1241 ,
958 1170 1288 1247 confixaque
1317 1186 1466 1249 terga
1488 1175 1748 1230 foventes

320 1280 349 1309 «
368 1256 610 1313 Inachuss
634 1256 926 1313 indecores
951 1270 1114 1333 pater
1140 1261 1431 1315 aversetur
1448 1259 1721 1315 alumnos·

316 1352 348 1396 «’
366 1342 649 1421 At.Tyriis
676 1341 880 1417 templa
899 1383 915 1412 ,
949 1362 1110 1414 arva,
1136 1341 1330 1399 domos
1347 1386 1362 1414 ‚
1397 1344 1681 1401 connubia
1698 1385 1715 1414 ,

529 1440 688 1485 natos
705 1469 721 1498 .‚

314 1550 342 1580 «
362 1513 608 1583 Reddite
629 1548 749 1584 moi
754 1540 806 1582 te
819 1548 961 1585 mea.
983 1527 1038 1582 Si
1056 1536 1172 1596 voS,
1195 1526 1419 1604 placida
1435 1528 1637 1600 hostia,
1661 1529 1810 1604 juvi,
1796 1548 1809 1560 ·

312 1635 342 1665 ι(
362 1612 418 1668 Si
444 1633 559 1668 non
584 1612 834 1669 attonitis
860 1611 1001 1668 vatis
1030 1612 1278 1668 consulta
1307 1633 1435 1669 rece
1439 1613 1498 1687 pi

312 1720 342 1750 «
365 1698 623 1765 Aut-ihm,
640 1712 718 1766 et,
734 1685 947 1753 Thebis
962 1697 1212 1753 nondum
1229 1698 1606 1768 credentibu3‚
1624 1693 1805 1769 hausi,

309 1808 340 1834 α
361 1785 495 1839 Haec
517 1740 859 1858 Amphioniis
883 1802 987 1856 per
1010 1802 1099 1838 me
1127 1782 1425 1857 persolvite
1450 1784 1647 1854 terris,

311 1892 342 1920 α
361 1870 441 1925 Ae
466 1866 602 1923 mihi
627 1867 968 1941 deceptum,
993 1887 1226 1942 precor,
1257 1877 1480 1923 exorate

527 1964 818 2030 parentem
840 1955 852 2006 Ξ
876 1974 905 2002 »

380 2052 471 2108 Sic
497 2050 595 2116 ait3
621 2047 1006 2126 insignemque
1027 2047 1265 2103 animam
1283 2067 1551 2104 mucrone
1578 2063 1807 2108 corusco

301 2135 714 2210 Dedignantem
742 2147 893 2191 artus
920 2132 1139 2210 pridem
1159 2175 1177 2203 ,
1204 2146 1567 2209 moestamque
1589 2134 1766 2190 teneri

301 2222 552 2296 Arripit,
581 2223 753 2298 inque
779 2241 891 2279 uno
908 2220 1195 2296 quaesitam
1225 2221 1461 2278 vulnere
1484 2221 1713 2298 rumpit.

299 2306 574 2380 Sanguine
599 2319 733 2360 tunc
753 2306 959 2380 spargit
978 2319 1191 2373 turres,
1222 2318 1274 2358 et
1298 2304 1498 2360 moenia
1525 2305 1765 2362 lustrat.

296 2390 473 2462 Seque
499 2408 667 2463 super
686 2389 892 2444 medias
919 2389 1091 2454 acies,
1120 2386 1365 2442 noudum
1389 2410 1520 2444 ense
1541 2389 1766 2446 remisso
1780 2434 1799 2459 ,

299 2470 483 2534 Jecit‚
517 2481 572 2522 et
601 2469 655 2522 in
684 2488 853 2523 saevos
879 2469 1087 2524 cadere
1104 2481 1185 2524 est
1206 2483 1440 2525 conatus
1467 2470 1732 2527 Achivos,

298 2559 405 2610 Ast
432 2551 583 2607 illum
613 2551 881 2625 amplexae
911 2552 1086 2607 Pietas
1110 2552 1439 2626 Vintusque‚
1470 2555 1729 2610 ferebant

297 2636 529 2705 Leniter
555 2634 626 2690 ad
654 2648 829 2690 terras
857 2648 1082 2709 corpus.
1110 2634 1237 2689 Jam
1266 2635 1493 2708 spiritus
1517 2636 1652 2691 olim

283 2726 448 2800 ⁴Ante
466 2725 694 2791 lovem,
725 2732 777 2776 et
806 2719 1029 2776 summis
1057 2720 1275 2796 apicem
1300 2720 1402 2775 sibi
1428 2720 1610 2797 poscit
1628 2723 1684 2777 in

506 2821 686 2876 astris.

331 2953 342 2961 .
357 2905 609 2981 'Jamque
632 2907 776 2962 intra
799 2902 988 2961 inuros
1007 2905 1158 2962 nullo
1183 2903 1385 2962 sudore
1409 2916 1703 2982 receptum

302 2988 626 3049 Gaudentes
646 2989 823 3050 heroa
846 2990 1057 3050 ferunt:⁴
1093 2992 1456 3050 Abscesserat
1475 2988 1618 3048 ultro

1608 3223 1851 3457 f
