2079 3613
207 195 332 291 455
503 224 928 290 sYLvAnUM,
979 224 1121 277 Lm.
1174 225 1227 276 1.
1396 242 1433 300 9

201 325 338 382 Visa
357 342 525 381 manu
550 337 740 380 tenera
766 337 979 379 tectum
998 322 1283 398 scripsisse
1309 322 1571 397 voluptas
1593 338 1610 390 ;

205 410 367 465 Tunc
389 411 583 467 Venus
600 407 796 464 Idaliis
822 407 981 463 unxit
1010 407 1229 483 fastigia
1252 406 1432 462 succis
1447 447 1464 476 ‚
1487 430 1492 435 ’

204 494 608 569 Permulsitque
637 513 859 564 comaS,
893 492 1271 569 blandumque
1296 491 1519 567 reliquit
1586 518 1590 523 ·

414 578 690 635 honorem
1367 583 1377 592 ⁴

204 660 441 719 Sedibus
464 704 481 734 ,
508 676 563 720 et
589 661 849 724 volucres
868 659 1047 718 vetuit
1075 661 1365 719 discedere
1384 673 1565 717 natos.

275 749 328 804 O
353 748 579 822 longum
607 745 967 803 memoranda
993 744 1115 802 dies
1138 752 1151 803 ἔ
1178 766 1303 822 quae
1319 759 1507 801 mente

425 832 655 910 reporto
690 873 698 879 -

205 915 426 972 Gaudia
450 921 464 972 !
491 924 659 992 qham
685 917 855 974 lassos
880 935 986 992 per
1005 927 1088 971 tot
1108 913 1373 970 miracula
1385 912 1535 970 visus
1561 913 1574 967 !

205 1000 499 1077 Ingenium
527 1021 693 1076 quam
713 1003 846 1058 mite
874 1004 995 1061 solo
1021 999 1036 1050 Ξ
1065 1020 1187 1076 quae
1211 1001 1391 1055 forma
1415 998 1593 1054 beatis

205 1086 347 1147 Arte
373 1103 568 1143 manus
584 1086 1002 1144 concessalocis
1025 1089 1041 1140 Ξ
1070 1104 1186 1143 non
1209 1083 1415 1181 larssius
1433 1101 1663 1160 usquam

207 1169 449 1226 Indulsit
471 1186 669 1229 natura
692 1172 798 1229 sibi
827 1192 842 1228 ι
872 1190 1104 1229 nemora
1129 1169 1240 1226 alta
1264 1171 1446 1226 citatis

209 1254 526 1312 Incubuere
549 1257 709 1315 vadis
730 1276 745 1328 ;
777 1256 944 1313 fallax
968 1267 1265 1331 responsat
1282 1254 1465 1330 imago

209 1339 561 1409 Frondibus‚
593 1353 650 1396 et
667 1341 860 1417 longas
889 1339 1088 1396 eadem
1107 1337 1250 1416 sugit
1276 1341 1429 1397 unda
1452 1358 1558 1416 per

423 1422 667 1480 umbras.
800 1462 804 1465 v

208 1509 339 1582 Ipse
356 1497 538 1564 Anien
557 1507 628 1587 p(
642 1508 895 1566 init-auda
913 1506 1085 1587 fides)
1112 1512 1125 1563 !
1145 1508 1405 1587 infraque
1426 1551 1444 1581 ‚
1533 1534 1538 1539 ·

433 1611 713 1670 superque

208 1675 422 1733 Saxeus
440 1719 456 1746 ‚
478 1677 575 1739 hic
600 1677 871 1734 tumidam
894 1677 1136 1749 rabiem,
1166 1684 1558 1756 spumosaque

421 1763 585 1839 ponit

208 1847 495 1903 Murmura
517 1888 535 1918 ‚
566 1867 672 1905 ceu
695 1848 904 1925 placidi
930 1851 1142 1907 veritus
1159 1848 1390 1907 turbare
1409 1847 1644 1927 Vopisci

107 2006 113 2014 ‚
160 1959 174 1966 -
209 1930 532 2008 Pieriosque
558 1934 680 1990 dies
700 1975 717 2004 ‚
746 1948 804 1990 et
821 1934 1093 1991 habentes
1111 1933 1354 1991 carmina
1375 1942 1617 1991 somnos.

209 2016 386 2073 Littus
407 2023 704 2094 utrumque
725 2019 876 2075 domi
899 2041 914 2077 t
940 2040 1044 2077 nec
1064 2033 1121 2077 te
1147 2019 1466 2079 mitissimus
1490 2020 1667 2077 amnis

211 2100 458 2172 Dividit;
480 2102 726 2159 alternas
753 2118 974 2161 servant
1002 2106 1256 2180 praetoria
1282 2106 1460 2182 ripaS‚

213 2185 342 2241 Non
362 2199 593 2242 externa
620 2188 720 2243 sibi
745 2229 763 2258 ,
787 2188 1131 2265 fluviumque
1157 2191 1377 2247 obstare

403 2285 757 2348 queruntur.
1160 2339 1169 2349 .

211 2356 483 2413 Sestiacos
496 2376 647 2415 nunc
665 2360 810 2415 fama
829 2360 980 2418 sinus
998 2403 1013 2430 ‚
1036 2361 1378 2438 pelagusque
1402 2369 1649 2417 natatum

208 2443 247 2496 J
249 2436 396 2497 actet
416 2485 432 2512 ‚
463 2455 518 2498 et
543 2444 744 2501 audaci
768 2447 992 2519 junctos
1009 2445 1301 2523 delphinas
1316 2444 1563 2523 ephebo:
1656 2499 1660 2503 .

210 2526 316 2582 Hic
332 2539 536 2584 aeterna
559 2528 717 2604 quies
739 2533 757 2600 ‚'
783 2531 944 2587 nullis
968 2532 1065 2587 hic
1090 2532 1213 2607 jura
1241 2531 1501 2606 procellis
1521 2572 1537 2600 ‚

207 2615 492 2689 Nusquam
508 2615 706 2674 ‘fervor
725 2618 917 2693 aquis:
942 2616 1109 2672 datur
1126 2615 1217 2671 hic
1245 2606 1624 2673 transmittere
1692 2650 1701 2656 -

429 2699 578 2756 visus
604 2742 619 2771 ‚

209 2784 281 2837 Et
300 2799 499 2855 voceS‚
530 2798 586 2840 et
614 2805 753 2861 pene
778 2804 990 2842 manua.
1012 2786 1103 2841 Sic
1130 2783 1405 2843 Chalcida
1423 2786 1622 2842 fluctus
1654 2820 1660 2824 -

209 2866 525 2943 Dispelluut
547 2869 724 2944 refugi
756 2890 771 2929 ε
800 2870 879 2925 sic
907 2870 1204 2926 dissociata
1229 2870 1516 2945 profundo
1552 2921 1556 2924 .
1581 2888 1585 2892 ⁴

209 2952 422 3052 Bnuttia
443 2953 721 3011 Sicanium
736 2954 1121 3032 circumspicit
1141 2974 1239 3011 ora
1267 2954 1541 3010 Pelorum.
1611 3033 1614 3036 Ι
