2079 3613
340 266 475 361 584·
592 274 1023 339 SYLVARUM,
1077 275 1223 324 mn.
1278 274 1354 326 v.
1452 275 1594 346 244·

334 372 411 426 Ut
433 368 661 425 Pharios
687 369 803 426 aliae
828 370 959 427 ficta
987 372 1203 445 pietate
1224 368 1447 435 dolores

333 453 782 530 Mygdoniosque
813 455 1041 525 colunt,
1077 465 1133 509 et
1161 453 1394 509 non'sua
1423 454 1634 510 funera

520 541 781 615 plorant.

332 622 481 695 Quid
510 625 755 679 reseram
783 623 1099 699 expositos,
1126 623 1625 700 servato-pondere
1643 663 1661 690 ,

546 706 776 765 mora?

333 795 470 865 Quae
508 792 729 868 pietas?
752 811 921 865 quam
947 792 1059 850 vile
1090 793 1309 849 luc'rum
1326 796 1353 846 ¹?
1378 812 1500 869 quae
1523 812 1666 849 cura

559 875 831 952 pudoris?
1387 886 1392 899 '

330 967 584 1035 Quantus
605 962 763 1019 a'mor
787 962 959 1019 recti?
984 984 1313 1040 rursusque,
1336 966 1428 1020 ubi
1451 964 1618 1020 dulce

556 1048 767 1105 remitti
790 1092 805 1117 ‚

330 1142 527 1198 Gratia
559 1162 683 1217 quoe
709 1140 875 1197 dictis
896 1138 922 1196 ?
947 1141 1134 1197 animo
1164 1163 1328 1217 quam
1358 1139 1504 1196 nulla
1535 1154 1808 1195 senectus
1830 1141 1860 1198 ’.Ρ

327 1226 433 1280 His
459 1226 557 1282 tibi
586 1245 690 1302 pro
713 1226 925 1281 meritis
943 1269 958 1293 ,
981 1227 1181 1282 samam
1201 1270 1217 1293 ,
1243 1226 1546 1300 laudesque
1567 1225 1857 1297 benignas

327 1310 509 1367 Index
539 1331 669 1366 cura
696 1310 884 1366 Deum
911 1351 928 1379 ‚
953 1309 1221 1387 nulloque
1251 1330 1281 1365 e
1304 1310 1534 1366 vulnere
1556 1309 1751 1362 tristes

328 1397 637 1453 Concessit.
668 1398 896 1470 Raperis
917 1439 929 1461 ,
961 1397 1218 1471 genitor,
1258 1415 1371 1451 non
1410 1396 1629 1469 indigus
1654 1396 1760 1451 aevi
1788 1416 1810 1462 ,·

328 1484 455 1539 Non
484 1482 711 1543 nimiuS,
742 1480 1009 1556 trinisque
1037 1481 1235 1536 decem
1263 1473 1653 1556 quinquennii

541 1564 729 1620 lustris

329 1654 532 1707 Juncta
556 1653 754 1708 ferens.
790 1652 900 1709 Sed
921 1673 1007 1708 me
1033 1652 1214 1728 pietas
1243 1673 1541 1710 numerare
1561 1696 1577 1725 ,

500 1791 509 1795 -
541 1737 816 1816 dolorque

327 1824 452 1879 Non
478 1823 621 1880 sinit.
652 1824 704 1881 Ο
733 1823 914 1899 Pylias
935 1825 1034 1881 aevi
1055 1826 1451 1894 ,transcendere
1481 1839 1684 1896 metaS,

326 1911 395 1966 Et
421 1911 665 1966 Teucros
678 1902 902 1986 'aequare
930 1931 1121 1982 seneS,
1147 1933 1180 1967 ο
1208 1912 1374 1986 digne
1406 1913 1633 1969 videre!

326 1998 424 2051 Me
453 1994 685 2051 similem
707 2001 722 2052 Ξ
742 1998 849 2052 Sed
870 2016 976 2053 nec
996 1997 1096 2053 leti
1119 1997 1221 2055 tibi
1241 1999 1407 2071 janua
1433 1999 1635 2055 tristis:

324 2080 557 2157 Quippe
582 2081 732 2138 leves
751 2099 930 2137 causae
951 2102 965 2151 ;
991 2102 1097 2138 nec
1119 2081 1304 2159 segnis
1328 2081 1456 2137 tabe
1484 2081 1637 2138 senili

323 2165 519 2220 Exitus
538 2164 767 2220 instanti
788 2167 1053 2241 praemisit
1067 2168 1328 2240 'membra
1352 2167 1641 2243 sepulcr0‘3

321 2248 433 2303 Sed
457 2262 507 2302 te
531 2263 724 2323 torpor
746 2251 895 2305 iners
915 2291 931 2317 ,
963 2263 1019 2304 et
1047 2257 1195 2305 mors
1215 2245 1424 2305 imitata
1451 2253 1696 2327 quietem

320 2332 599 2407 Explicuit
618 2373 633 2401 ,
660 2331 919 2409 falsoque*
936 2333 1062 2390 tulit
1085 2332 1188 2389 sub
1213 2335 1447 2390 Tartara
1479 2355 1697 2392 somnn.

323 2424 477 2492 Quos
507 2439 609 2495 ego
636 2431 770 2475 tunc
790 2419 1028 2495 gemitus
1051 2419 1078 2475 ἐ’
1105 2419 1371 2475 comitum
1402 2439 1594 2476 manus
1618 2422 1785 2478 anxia

543 2502 683 2561 vidit
706 2528 721 2569 ·,

322 2590 477 2644 Vidit
507 2601 559 2644 et
588 2589 905 2663 exemplum
934 2590 1178 2663 genitrix
1197 2632 1212 2659 ,
1247 2591 1549 2665 gavisaque
1577 2592 1730 2647 vovit
1789 2615 1798 2626 ⁸

321 2677 455 2745 Quae
482 2672 719 2729 lamenta
745 2673 867 2729 tuli.
894 2675 1136 2728 Veniam
1166 2674 1488 2741 concedite,
1521 2677 1713 2731 Manes
1732 2717 1747 2745 ,

323 2759 431 2814 Fas
458 2757 692 2825 dixisse,
716 2772 904 2832 pater:
940 2779 1053 2813 non
1087 2771 1142 2813 tu
1165 2759 1299 2813 mihi
1322 2761 1478 2834 plura
1509 2761 1779 2819 dedisses.
1807 2751 1810 2760 ¹

394 2843 555 2899 Felix
586 2842 676 2910 ille
707 2857 921 2918 patrem
958 2846 1148 2899 vacuis
1180 2845 1542 2902 circumdedit
1574 2846 1754 2915 ulniS,
1810 2850 1820 2864 ⁹

323 2926 515 2983 Vellet
545 2940 626 2997 et,
661 2928 843 3004 Elysia
877 2923 1127 3003 quamvis
1152 2929 1371 2985 in'sede
1392 2929 1634 2985 locatum
1659 2970 1674 2995 ,

322 3011 615 3088 Abripere,
641 3025 693 3069 et
722 3007 938 3069 l5anaas
959 3012 1163 3070 iterum
1191 3027 1420 3090 portare
1442 3033 1541 3091 per
1570 3011 1801 3072 umbrae
