2079 3613
284 220 408 300 ¹7⁸
596 223 1034 285 ΤΗΕΒΑῐυοε,
1090 226 1229 273 ue.
1285 226 1391 275 vt.
1488 225 1598 300 894

272 322 637 402 Terrigenam
653 321 887 378 sudasse
908 320 1091 398 Libyn
1106 363 1122 392 ‚
1145 342 1288 392 cum,
1312 323 1510 380 fraude
1526 337 1778 401 reperta,

268 412 493 486 Raptus
517 410 576 465 in
597 408 878 465 excelsum
894 449 910 478 ‚
935 428 1041 463 nec
1067 410 1181 483 jam
1207 426 1337 484 spes
1364 409 1476 465 ulla
1503 409 1776 481 cadendi,

271 500 393 555 Nec
417 497 543 553 licet
572 507 825 554 extrema
849 508 1093 552 matrem
1118 496 1440 572 contingere
1468 493 1681 574 planta.

339 585 423 641 Fit
448 602 647 651 soum,
676 595 733 640 et
758 582 914 640 laetos
941 583 1207 640 attollunt
1235 584 1455 657 agmina
1483 587 1734 663 plausus.

269 677 430 728 Tunc
454 669 570 726 alte·
593 668 803 726 librans
827 669 1121 746 inopinum
1146 683 1347 745 sponte
1373 672 1587 728 remisit
1610 713 1627 742 ,

270 759 696 835 obliquumque
724 756 911 827 dedit,
941 755 1523 835 procumbentemque
1554 772 1780 817 secutus

263 844 425 902 Colla
443 841 612 900 simul
629 840 852 913 dextra,
874 842 1121 918 pedibus
1141 844 1338 900 simul
1324 847 1549 922 mguina
1570 845 1769 904 vinxit.

262 930 471 986 Deficit
499 929 777 996 obsessus,
798 927 1032 1005 soloque
1057 929 1275 1004 pudore
1305 942 1602 1005 repugnat.

265 1014 523 1072 Tandem
542 1027 740 1091 pectus
765 1014 950 1085 humi,
978 1033 1329 1091 pronamque
1358 1028 1627 1073 extensus
1654 1016 1716 1072 in

475 1084 686 1160 alvum

265 1201 557 1270 Sternitur,
586 1222 652 1257 ac
677 1201 846 1277 longo
870 1211 1098 1258 moestus
1118 1211 1246 1275 post
1272 1212 1531 1277 tempore
1559 1199 1766 1277 surgit,

266 1289 479 1365 Turpia
504 1287 720 1363 signata
746 1286 1004 1362 linquens
1027 1285 1263 1363 vestigia
1292 1297 1466 1342 terra.

335 1375 586 1430 Palmam
611 1385 797 1428 autem
824 1374 1046 1440 dextra,
1071 1370 1324 1471 laevaque
1350 1369 1588 1427 nitentia
1613 1369 1761 1426 dono

266 1462 444 1518 Arma
469 1461 654 1518 ferens
678 1456 941 1538 Tydeus.
976 1483 1004 1513 «
1024 1459 1177 1534 Quid
1204 1458 1250 1513 si
1272 1477 1402 1513 non
1414 1456 1698 1533 sanguinis

482 1544 652 1621 hujus

270 1668 300 1697 κ
317 1645 537 1702 Partem
559 1641 714 1701 haud
732 1642 987 1720 exiguam
1017 1641 1241 1725 (scitis)
1267 1643 1511 1701 Dircaeus
1530 1641 1770 1698 haberet

268 1754 297 1783 κ
320 1731 595 1810 Campu5‚
626 1730 720 1788 ubi
744 1730 830 1788 hae
851 1751 1060 1809 nuper,
1087 1730 1413 1787 Thebarum
1444 1729 1650 1788 foedera
1671 1770 1687 1801 ,

489 1819 664 1897 plagae
684 1815 713 1878 ’.Ρ
731 1843 761 1873 »

333 1916 468 1974 Haec
498 1916 657 1974 simul
697 1928 1017 1988 ostentans,
1054 1918 1407 1994 quaesitaque,
1425 1911 1658 1993 praemia

476 2003 709 2061 laudum

255 2099 369 2156 Dat
392 2101 576 2157 soeiiS.
599 2097 865 2176 Sequitur
882 2098 1170 2177 neglectus
1189 2100 1420 2179 Agyllea
1443 2100 1668 2159 thorax.

331 2185 476 2242 Sunt
498 2197 556 2241 et
581 2185 681 2260 qui
705 2182 858 2240 nudo
881 2185 1116 2244 subeant
1143 2206 1481 2244 concurrere
1508 2188 1674 2245 serro.

256 2272 498 2346 Jamque
525 2268 758 2326 aderant
784 2271 1043 2329 instructi
1072 2273 1239 2329 armis
1259 2272 1601 2350 Epidaurius

427 2357 428 2360 ’
472 2357 681 2433 Agreus
698 2397 714 2426 ‚

247 2454 326 2509 Et
349 2452 602 2511 nondum
628 2454 758 2511 satis
781 2455 1027 2514 Dircaeus
1053 2457 1346 2534 agentibus
1368 2454 1549 2513 exsul.

250 2541 379 2594 Dux
409 2552 561 2619 vetat
582 2539 827 2598 Iasidest
859 2567 887 2596 «
909 2545 1103 2601 Manet
1131 2544 1330 2619 ingens
1355 2541 1521 2619 copia
1549 2541 1680 2611 leti,

252 2647 281 2677 ι(
303 2623 356 2682 Ο
388 2625 623 2700 juvenes
658 2647 671 2683 :
711 2642 932 2688 servate
971 2631 1189 2686 animos
1208 2669 1224 2698 ‚
1264 2627 1606 2701 avidumque

471 2714 722 2770 furorem
1320 2779 1326 2783 ,

251 2829 282 2861 ε(
302 2806 597 2884 Sanguinis
614 2809 853 2867 adversi.
875 2813 1075 2884 Tuque
1092 2829 1146 2878 ο,
1166 2824 1336 2882 quem
1350 2817 1591 2882 propter
1605 2806 1757 2864 avita

249 2912 280 2943 a
300 2894 506 2968 Jugera
525 2933 543 2965 ‚
571 2891 805 2951 dilectas
834 2893 925 2950 cui
947 2891 1326 2949 desolavimus
1349 2890 1523 2947 urbes
1534 2919 1558 2962 ‚·
1630 2941 1633 2944 .

229 2991 274 3031 ·«
298 2976 407 3050 Ne,
424 2995 653 3057 precor,
669 2976 1011 3046 anteaciem,
1023 2980 1112 3053 jus
1131 2987 1353 3035 tantum
1372 2978 1594 3037 casibus
1614 2993 1755 3050 esse,
