2079 3613
232 247 238 257 ι
293 285 426 356 340·
557 282 998 354 ΤΗΒΒΑῘὩΟΒ,
1049 290 1192 339 LIB.
1246 288 1411 339 vlu.
1522 288 1639 364 713

287 403 548 468 Pectora,
572 397 884 476 permixtus
909 395 1114 452 sudore
1139 407 1197 453 et
1219 394 1482 470 sanguine
1508 405 1749 455 torrensz

286 484 536 561 Respicit
558 482 850 540 hortantes
872 481 1052 538 socios
1066 523 1083 552 ‚
1115 495 1173 538 et
1196 481 1417 537 Pallada
1437 480 1609 538 fidam
1623 525 1640 554 ,

269 568 531 644 *Longius
555 567 820 644 opposita
846 564 1117 622 celantem
1137 565 1346 621 lumina
1366 585 1590 641 parma:

279 651 407 710 Ibat
426 651 576 709 enim
600 670 860 726 magnum
883 648 1151 728 lacrymis
1171 644 1459 706 inflectere
1482 662 1727 726 pati-ems

354 740 502 794 Ecce
526 748 679 793 secat
704 734 993 813 Zephyros
1010 735 1296 812 ingentem
1321 734 1569 790 fraxinus
1594 736 1738 791 iram

279 823 702 894 Fortunamque
726 821 946 876 serens.
975 818 1071 875 teli
1097 839 1213 887 non
1239 820 1447 875 eminet
1469 832 1681 875 auctor.

205 906 210 915 ’
279 904 578 963 Astacides
596 903 954 982 Menalippus
979 917 1121 961 erat.
1153 904 1273 959 Nec
1296 902 1588 979 prodidit
1571 921 1691 978 ipse
1707 942 1729 973 5

282 991 356 1045 Et
382 986 552 1045 veliet
573 988 799 1046 latuisse
826 1007 1099 1044 manum·
1121 987 1224 1044 sed
1242 980 1448 1064 gaisdia
1475 1001 1668 1044 turmae

277 1073 667 1131 Monstrabant
692 1072 996 1150 trepidum.
1028 1074 1080 1130 N
1084 1091 1174 1129 am
1195 1072 1412 1129 flexus
1395 1092 1455 1128 m
1477 1069 1571 1139 ilia

502 1159 738 1235 Tydeus

275 1255 619 1320 Submissum
640 1255 810 1322 latus,
831 1266 892 1311 et
917 1252 1111 1330 clypei
1128 1254 1411 1311 laxaverat
1434 1253 1655 1311 orbem.

279 1341 594 1396 Clamorem
623 1338 793 1395 Aonii
812 1340 1046 1395 miscent
1066 1340 1447 1415 gemitumque
1472 1336 1688 1414 Pelasgi
1705 1376 1727 1405 ,-

277 1424 689 1499 Objectantque
720 1443 951 1490 manuS,
987 1423 1484 1500 indignantemque
1522 1432 1769 1479 tuentur.

277 1506 382 1564 Ille
408 1528 511 1585 per
534 1507 850 1584 oppositOS‚
880 1507 1048 1584 longe
1075 1509 1337 1578 rimatus,
1367 1526 1619 1563 amarum

274 1594 610 1663 Astaciden,
639 1593 771 1650 totis
795 1593 990 1651 animae
1012 1614 1070 1650 se
1096 1594 1245 1668 cogit
1268 1595 1326 1650 in
1350 1593 1525 1649 ictum

235 1724 238 1727 .
271 1676 554 1753 Relliquiis
572 1719 587 1747 ‚
619 1677 903 1754 telumque
926 1679 1064 1751 jacit
1080 1722 1099 1747 ,
1124 1678 1278 1753 quod
1302 1677 1590 1753 proximus

499 1762 745 1841 Hopleus

268 1861 575 1918 Praebuerat
600 1881 614 1932 ;
644 1862 790 1939 perit
817 1849 1115 1937 expressus
1137 1864 1426 1920 conamine
1448 1861 1690 1939 sanguis.

268 1950 427 2003 Tunc
453 1941 640 2015 tgistes
664 1948 822 2018 socii,
841 1949 1113 2024 cupidum
1136 1947 1349 2006 bellare
1375 1945 1525 2026 (quis
1543 1944 1709 2003 ardor
1722 1943 1765 2024 Ξ)

267 2033 338 2088 Et
363 2045 689 2108 poscentem
706 2031 894 2087 hastas
908 2071 926 2101 ‚
948 2032 1243 2110 mediaque
1260 2038 1324 2090 in
1346 2044 1527 2090 morte

474 2127 771 2191 negantem

261 2203 576 2286 Expirare‚
609 2208 864 2280 trahunt,
888 2211 1201 2290 summiqffi
1225 2215 1287 2271 in
1314 2213 1562 2289 margine

493 2295 674 2371 campi

268 2390 534 2448 Effultum
556 2392 772 2468 gemina
799 2392 975 2451 latera
1000 2395 1325 2453 inclinantia
1347 2414 1550 2471 parma

267 2478 494 2533 Ponunt
520 2520 535 2548 ‚
564 2498 626 2533 ac
654 2480 778 2537 saevi
805 2480 1113 2537 rediturum
1131 2482 1203 2538 ad
1227 2479 1423 2558 proelia
1447 2478 1650 2537 Martis

263 2564 606 2621 Promittunt
623 2565 832 2622 flentes.
859 2561 972 2624 Sed
999 2581 1054 2623 et
1080 2568 1200 2647 ipse
1229 2569 1497 2627 recedere
1523 2564 1722 2625 coelum
1739 2607 1763 2635 r

180 2665 186 2671 ’
259 2650 629 2725 Ingentesque
654 2651 863 2707 animos
890 2666 1142 2709 extremo
1168 2653 1375 2728 frigore
1398 2652 1515 2708 labi-

261 2733 473 2802 Sensit‚
503 2747 559 2789 et
585 2733 809 2791 innixus
834 2749 994 2792 terrae
1018 2755 1036 2789 t
1068 2759 1096 2788 «
1121 2735 1465 2791 Miserescite
1487 2774 1503 2802 ‚
1533 2732 1756 2805 clamat,

265 2839 293 2868 α
315 2817 619 2874 Inachidae!
647 2822 770 2894 Non
793 2839 914 2874 ossa
937 2837 1140 2894 precor
1160 2818 1479 2874 referantur
1497 2831 1561 2874 ut

481 2903 663 2979 Argos
678 2945 693 2971 ‚
1743 2964 1747 2968 .

262 3018 293 3056 <z
315 2995 636 3088 AEtolumve.
652 2997 822 3055 larem
846 3015 866 3051 ι
885 3015 991 3053 nec
1014 2998 1167 3057 enim
1190 2998 1325 3058 mihi
1350 3021 1480 3059 cura
1507 2998 1761 3079 supremi,

903 3129 935 3150 l
