2079 3613
396 323 401 331 ι
473 273 581 349 674
717 272 1154 335 THEBAIDOS,
1208 275 1351 323 Lm.
1403 278 1455 322 1.
1760 288 1837 348 27

337 372 406 424 In
430 382 636 425 terram
662 369 880 437 vultuS,
910 368 1196 444 taciteque
1225 370 1297 425 ad
1321 367 1516 444 Tydea
1542 373 1735 427 laesum

335 454 639 530 Obliquare
672 459 883 511 oculos·
919 456 1066 510 Tum
1098 453 1261 530 longa
1291 453 1504 509 silentia
1533 457 1729 513 movit.

412 544 588 669 «zon
627 560 798 616 super
834 539 940 595 hos
973 538 1183 597 Divum
1222 538 1324 596 tibi
1360 559 1480 595 sum
1515 545 1844 616 quaerendus

530 633 739 672 onmes

339 723 367 752 α
388 699 555 754 Unde
584 717 794 773 genus:
819 718 940 774 quae
960 709 1111 753 terra
1130 695 1267 752 mihi
1284 737 1300 766 ,
1330 696 1458 771 quis
1478 694 1688 755 defluat
1707 702 1846 758 ordo

340 809 367 837 α
389 782 684 859 Sanguinis
705 784 921 861 antiqui
936 826 952 855 ,
981 782 1137 859 piget
1160 783 1309 837 inter
1336 801 1490 838 sacra
1518 785 1703 841 fateri.

341 895 369 923 α
391 870 507 926 Sed,
522 872 566 927 si
592 871 953 948 praecipitant
979 870 1244 926 miserum
1274 888 1607 943 cognoscere
1630 892 1803 944 curae,
1864 895 1872 905 ·

339 981 368 1008 «
390 954 635 1013 Cadmus
657 960 813 1034 origo
830 971 1087 1034 patrum:
1110 956 1276 1011 tellus
1302 958 1580 1013 Mavortia
1598 958 1838 1030 Thebae,

336 1065 368 1095 κ
404 1042 473 1096 Et
487 1043 731 1118 genitrix
744 1046 781 1100 J
784 1056 973 1099 ocasta
988 1043 1149 1099 mihi.
1165 1065 1194 1095 >2
1212 1043 1354 1098 Tum
1370 1055 1555 1098 motus
1566 1045 1844 1103 Adrastus

337 1128 608 1206 Hospitiis
634 1128 895 1207 (agnovit
910 1127 1094 1225 enirn)
1118 1147 1130 1183 :
1159 1151 1188 1183 α
1208 1127 1358 1201 Quid
1382 1141 1519 1185 nota
1542 1130 1844 1190 recondis?

339 1238 369 1266 ι(
389 1214 634 1286 Scimus,
668 1214 782 1284 ait3
812 1235 917 1271 nec
951 1214 1032 1272 sic
1060 1234 1193 1272 avei
1197 1234 1319 1271 sum
1348 1214 1494 1271 fama
1522 1219 1789 1292 Mycaenis

337 1322 368 1351 α
388 1298 581 1359 Volvit
625 1301 752 1357 iter.
799 1302 1098 1376 Regnum,
1138 1313 1196 1356 et
1231 1300 1435 1372 fuiiaS,
1475 1301 1780 1411 oculosque

480 1385 760 1462 pudentes

337 1495 367 1524 «
384 1471 585 1542 Novit,
610 1485 666 1527 et
693 1471 923 1528 Arctois
936 1471 983 1527 si
1012 1472 1134 1548 quis
1156 1471 1227 1527 de
1247 1472 1458 1528 solibus
1477 1471 1702 1543 horret,

332 1581 361 1610 κ
384 1557 610 1633 Quique
640 1558 783 1616 bibit
817 1559 1058 1633 Gangen
1081 1594 1098 1629 ,-
1133 1571 1233 1616 aut
1273 1559 1492 1636 nigrum
1522 1559 1815 1618 oocasibus

478 1655 654 1699 intrat

336 1756 363 1783 κ
383 1733 708 1804 Oceanum,
740 1746 797 1790 et
826 1734 873 1790 si
900 1754 1043 1812 quos
1068 1734 1284 1791 incerto
1312 1735 1503 1791 littore
1535 1737 1727 1814 Syrtes

334 1845 362 1873 «
383 1823 711 1878 Destituunt
732 1842 750 1878 ι
766 1844 841 1882 ne
868 1842 1042 1899 perge
1067 1824 1264 1900 queri,
1292 1842 1561 1899 casusque
1583 1826 1837 1899 priorum

335 1930 363 1959 «
383 1908 773 1970 Annumewaie
816 1908 942 1964 tibi.
992 1910 1198 1965 Nostro
1245 1928 1473 1983 quoque
1516 1909 1792 1984 sanguine

478 1991 720 2052 multum

334 2116 363 2144 «
382 2092 600 2150 Erravit
627 2093 826 2171 pietas,
861 2096 982 2151 Nec
1013 2093 1190 2171 culpa.
1210 2092 1515 2169 nepotibus
1535 2093 1740 2151 obstat.

333 2202 364 2232 ε(
386 2178 476 2233 Tu
501 2179 672 2237 modo
705 2179 987 2236 dissimilis
1014 2181 1188 2237 nebus
1209 2200 1455 2237 mereare
1481 2184 1748 2239 secundis

331 2291 361 2320 α
382 2268 662 2326 Excusare
694 2280 837 2325 tuos.
877 2266 1030 2322 Sed
1015 2287 1130 2342 Jam
1160 2279 1385 2342 temone
1416 2267 1624 2342 supino

332 2377 363 2407 «
382 2355 633 2429 Languet
665 2353 1050 2432 Hyperboreae
1083 2353 1332 2431 glacialis
1359 2353 1611 2429 portitor
1641 2354 1832 2408 Ursae:

329 2462 359 2492 α
378 2438 616 2495 Fundite
639 2438 773 2496 vina
792 2440 956 2509 focis;
982 2452 1440 2515 servatoremque
1468 2451 1771 2514 parentum

324 2544 365 2601 λιι
385 2524 661 2576 Latoiden
687 2522 834 2578 votis
861 2524 1175 2598 iterumque
1205 2526 1522 2601 iterumque
1557 2542 1840 2579 canamus·

412 2630 440 2659 α
461 2605 672 2662 Phoebe
697 2626 903 2681 parens
918 2650 934 2677 ,
957 2629 1058 2664 seu
1082 2622 1138 2663 te
1160 2610 1346 2684 Lyciae
1368 2613 1608 2664 Pataraea
1633 2608 1845 2666 nivosis

338 2718 367 2748 α
388 2695 674 2749 Exercent
694 2690 923 2748 dumeta
949 2692 1093 2769 jugis
1109 2731 1125 2762 ,
1156 2712 1251 2749 seu
1274 2714 1398 2748 rore
1422 2691 1633 2769 pudico

334 2806 363 2835 α
385 2778 641 2836 Castaliae
668 2779 842 2837 ssavos
867 2800 1023 2835 amor
1051 2793 1136 2837 est
1165 2778 1268 2836 tibi
1298 2799 1554 2857 mergere
1584 2778 1762 2839 crines
1784 2799 1802 2835 t

335 2889 365 2918 κ
387 2866 495 2920 Seu
529 2865 762 2941 Trojam
803 2864 1171 2943 Thymbraeus
1206 2864 1407 2937 habeS,
1448 2863 1544 2921 ubi
1583 2867 1731 2924 fama

479 2947 768 3007 volentem

336 3057 367 3089 κ
386 3036 626 3112 Ingratis
649 3036 923 3118 Phrygios
951 3039 1202 3102 humeris
1224 3036 1459 3105 subiisse
1485 3038 1760 3105 molares:
