2079 3613
606 308 667 366 17
763 282 1157 334 stvAnnM
1177 312 1195 343 ‚
1222 278 1389 329 ΜΒ.
1439 253 1549 325 ἵν.
1612 252 1616 256 ’
1694 261 1816 324 533

318 387 463 445 Vina
482 386 658 457 inter,
681 399 1011 455 mensasque
1031 420 1048 448 .,
1063 382 1136 435 ⁴et
1154 381 1270 432 non
1293 384 1580 449 assurgere
1603 372 1685 429 fas
1711 369 1825 428 est?

321 474 559 543 Tectum
585 480 903 546 augustum,
937 465 1135 542 ingens
1150 484 1171 534 ‚*
1190 481 1305 516 non
1324 471 1549 516 centum
1572 456 1789 533 insigne
1825 468 1833 475 '

546 555 816 614 columnis
834 594 853 624 ,

319 644 429 702 Sed
453 655 672 722 quantae
695 657 927 717 superos
945 680 962 710 ‚
993 632 1309 712 coelumque
1327 676 1343 704 ‚
1372 631 1604 689 Atlante

513 727 764 786 =remisso
781 767 809 796 ‚,

319 815 636 871 Sustentare
673 824 900 888 queant.
931 811 1135 886 Stupet
1161 807 1278 871 hoc.
1298 804 1484 862 vicina
1512 798 1785 859 Tonantis

319 899 488 975 Regia
506 940 523 969 .,
542 910 723 973 teque
754 898 879 972 pari
905 897 1159 953 laetantur
1184 892 1315 950 sede
1336 892 1585 948 locatum

322 981 586 1052 Numina,
605 1000 678 1037 ne
702 1000 967 1055 magnum
989 996 1264 1054 properes
1276 975 1574 1032 ascendere
1598 969 1827 1030 coelum:

323 1068 507 1122 Tanta
527 1070 686 1140 patet
717 1065 891 1121 moles
910 1105 927 1134 ‚
955 1064 1253 1136 effusaeque
1278 1060 1516 1134 impetus
1542 1059 1681 1114 aulae

323 1148 610 1218 Liberior,
641 1148 826 1224 campi
849 1148 1201 1222 multumque
1225 1143 1518 1219 *amplexus
1543 1139 1756 1218 aperti,

323 1234 611 1292 AEtbeteo
638 1246 691 1290 et
717 1245 937 1290 tantum
966 1232 1195 1289 domino
1222 1231 1442 1286 minor:
1472 1227 1564 1282 ille
1596 1237 1835 1300 penates

326 1319 571 1396 Implet,
601 1332 655 1377 et
679 1319 889 1396 ingenti
917 1318 1078 1396 genio
1104 1319 1281 1393 juvat.
1312 1314 1558 1374 AEmulus
1584 1310 1698 1366 illic

272 1475 284 1486 .
326 1407 494 1461 Mons
530 1404 736 1483 Libys,
760 1404 1076 1480 Iliacusque
1100 1402 1281 1458 nitent
1300 1443 1316 1471 ‚
1341 1413 1396 1457 et
1423 1397 1599 1454 multa
1622 1399 1833 1472 Syene,

327 1494 398 1547 Et
431 1489 634 1562 Chios,
663 1503 721 1546 et
746 1488 938 1564 glauca
960 1487 1231 1544 certantia
1260 1482 1473 1540 Doride
1499 1501 1626 1537 saxa
1649 1503 1694 1550 ‚-

328 1576 614 1649 Lunaque
629 1572 927 1649 portandis
952 1584 1170 1645 tantum
1198 1569 1430 1624 suffecta
1461 1563 1737 1622 columnis
1758 1599 1776 1633 9

329 1659 525 1730 Longa
543 1675 723 1731 ⁴super
747 1655 1001 1730 species:
1031 1654 1188 1711 sessis
1201 1652 1299 1710 vix
1322 1649 1564 1707 culmina
1589 1646 1841 1725 prendas

328 1739 589 1812 Visibus,
623 1741 919 1816 auratique
943 1735 1410 1817 puteslaquearia
1436 1733 1596 1792 coeli..

333 1829 442 1883 Hic
469 1847 595 1884 cum
619 1826 923 1884 Romuleos
950 1844 1216 1902 proceres
1234 1866 1249 1891 ‚
1276 1821 1637 1897 trabeataque
1658 1821 1843 1876 Caesar

334 1912 577 1987 Agmina
601 1910 752 1967 mille
770 1910 934 1966 simul
957 1908 1116 1985 jussit
1142 1906 1489 1963 discumbere
1515 1903 1716 1960 mensis
1737 1943 1757 1980 ‚¹

334 1997 471 2073 Ipsa
495 1996 646 2056 sinus
678 1995 926 2052 accincta
953 1996 1155 2062 Ceres,
1184 1991 1551 2064 Bacchusque
1588 1988 1848 2045 laborant

337 2083 625 2140 Sufficere.
655 2079 906 2150 Etherei
936 2076 1068 2135 felix
1094 2077 1172 2134 sic
1198 2075 1384 2131 orbita
1410 2072 1566 2154 {lux-it

320 2166 710 2243 Triptolemi:
738 2167 817 2222 sic
845 2165 1067 2224 vitifero
1094 2162 1197 2219 sub
1221 2161 1452 2238 palmite
1479 2158 1662 2217 nudos
1741 2201 1762 2222 .
1853 2216 1857 2221 ,

338 2253 634 2312 Umbravit
665 2252 864 2321 colleS,
892 2263 948 2308 et
979 2248 1163 2306 sobria
1190 2268 1319 2304 rura
1347 2250 1564 2325 Lyaeus.

339 2340 449 2397 Sed
476 2338 612 2395 mihi
635 2343 749 2393 non
774 2337 971 2412 epulas
992 2376 1007 2404 ‚
1042 2333 1269 2410 Indisve
1296 2332 1485 2388 innixa
1518 2327 1793 2387 columnis

338 2426 562 2478 Robora
582 2423 914 2476 Maurorum
931 2458 947 2485 .‚
966 2413 1274 2472 famulasve
1295 2433 1365 2470 ex
1386 2413 1587 2468 ordine
1607 2425 1847 2477 turmas;

340 2509 562 2583 Ipsum,
588 2504 775 2580 ipsum
802 2501 1011 2577 cupido
1038 2498 1249 2555 tantuin
1278 2509 1540 2573 spectare
1558 2496 1779 2552 vacavit

345 2587 732 2665 Tranquillum
760 2590 948 2643 vultus
966 2625 982 2654 ‚
1020 2596 1077 2641 et
1104 2586 1393 2658 majestate
1428 2601 1630 2637 serena

344 2675 693 2735 Mulcentem
720 2672 907 2729 radios
924 2711 940 2741 ‚
970 2668 1514 2741 summittentemque
1541 2664 1792 2721 modeste

346 2764 609 2818 Fortunae
626 2739 836 2816 irexilla
867 2775 989 2812 suae.
1026 2754 1239 2812 ‘Ilamen
1266 2772 1360 2808 ore
1386 2750 1597 2806 nitebat

347 2846 739 2905 Dissimulatus
763 2842 963 2898 honOS.
999 2840 1192 2897 Talem
1217 2857 1442 2915 quoque
1472 2834 1744 2891 barbarus

568 2930 743 2986 hostis
1139 2989 1147 2998 ἱ
1304 2946 1307 2948 ’

260 3052 271 3058 ρ
350 3017 568 3087 Posset,
607 3029 660 3072 et
692 3018 891 3091 ignotae
927 3021 1296 3089 conspectum
1315 3003 1619 3084 agnoscere
1638 3014 1849 3081 gentes.
