2079 3613
567 302 664 366 148
798 299 1232 363 sYLVfflfflM,
1284 304 1423 350 Lm.
1476 304 1557 350 11.
1700 293 1823 372 5¹7

333 392 602 451 Natorum
624 439 642 468 ‚
668 410 902 470 totoque
928 394 1120 452 volens
1142 395 1412 450 excedere
1435 415 1601 451 censu
1628 436 1647 464 ,

336 474 520 534 Testis
544 481 730 539 adhuc
756 480 895 557 largi
915 481 1067 535 nitor
1087 479 1221 535 inde
1248 491 1498 534 assuetus
1517 478 1734 534 Etrusci
1756 517 1771 546 ,

336 560 445 615 Cui
471 577 559 621 tua
588 588 701 624 non
721 564 962 622 humiles
983 564 1141 620 dedit
1168 563 1517 640 indulgentia
1537 583 1737 618 mores,

334 645 501 704 Hunc
517 651 561 705 si
578 653 804 725 quidem
825 650 1084 725 amplexu
1103 669 1326 726 semper
1350 660 1650 706 revocante

554 736 787 793 tenebas

334 814 610 889 Blandus,
640 834 698 876 et
719 819 957 896 imperio
973 837 1259 892 nunquam
1280 830 1477 893 pater:
1502 818 1665 892 hujus

550 904 754 959 honori

333 971 571 1042 Pronior
593 1031 608 1053 ,
631 988 753 1062 ipse
779 985 946 1041 etiam
976 983 1254 1058 gaudebat
1282 985 1486 1040 cedere
1512 985 1707 1042 frater.

334 1073 486 1143 Quas
511 1072 611 1127 tibi
640 1071 828 1126 devoti
858 1071 1120 1143 juvenes,
1150 1082 1258 1144 pro
1285 1084 1446 1143 patre
1476 1082 1670 1125 renato
1693 1110 1708 1137 ‚

333 1153 558 1211 Summe
574 1154 783 1211 ducum
802 1196 817 1223 ‚
849 1166 1034 1230 grates
1053 1195 1067 1222 ‚
1097 1165 1190 1209 aut
1216 1174 1339 1228 quae
1358 1153 1453 1230 pia
1480 1165 1610 1210 vota

560 1238 879 1314 rependant
902 1237 929 1295 ἐ’

336 1320 456 1379 Tu.
483 1341 580 1378 seu
593 1321 751 1378 tarda
773 1321 881 1376 situ
897 1362 912 1390 ‚
938 1319 1220 1396 rebusque
1249 1321 1517 1378 exhausta
1539 1330 1802 1379 senectus

336 1407 557 1464 Erravit
578 1426 592 1479 3
623 1427 722 1462 seu
746 1405 953 1462 blanda
978 1406 1074 1462 diu
1090 1408 1313 1462 fortuna
1335 1425 1645 1482 regressum

332 1490 562 1562 Maluit,
591 1492 891 1549 attonitum
916 1504 972 1546 et
993 1491 1216 1546 venturi
1233 1488 1482 1555 ,fulminis
1496 1489 1640 1546 ictus

332 1579 675 1634 Horrentem
693 1619 710 1648 ,
740 1578 947 1634 tonitru
967 1589 1181 1631 tantum
1198 1616 1213 1644 ‚
1243 1575 1470 1651 lenique
1497 1572 1746 1651 procella
1800 1581 1810 1586 ’

336 1662 652 1719 Contentus
676 1662 952 1717 monuisse
974 1681 1165 1717 senem
1198 1681 1214 1716 z
1245 1681 1485 1737 eumque
1504 1660 1737 1716 horrida

565 1758 733 1823 supra
1593 1802 1596 1803 γ

337 1834 599 1908 AEquora
625 1873 640 1901 ‚
671 1850 930 1888 curarum
960 1830 1141 1886 socius
1166 1830 1364 1905 procul
1386 1830 1528 1885 Itala
1554 1849 1689 1886 rura

258 1949 263 1954 ·
334 1920 678 1992 Linqueret‚
701 1916 797 1972 hic
817 1916 1013 1970 molles
1039 1916 1313 1990 Campani
1331 1915 1537 1971 littoris
1564 1934 1719 1985 oraS,

335 2004 406 2059 Et
429 2001 762 2058 Diomedeas
784 1999 1091 2056 concedere
1111 2004 1292 2074 jussus
1308 1999 1364 2055 in
1385 2020 1544 2056 arces
1566 2018 1580 2069 ;

331 2091 512 2162 Atque
535 2088 760 2163 hospes,
778 2105 891 2141 non
910 2084 1061 2140 exsul
1077 2099 1211 2142 erat.
1235 2086 1354 2139 Ncc
1377 2088 1541 2159 plura
1559 2096 1829 2154 morum,

331 2172 671 2229 Romuleum
698 2190 913 2227 reseras
939 2170 1139 2225 iterum
1169 2212 1183 2239 ‚
1215 2170 1546 2226 Germanice
1570 2210 1586 2235 ‚
1618 2170 1786 2224 limen
1812 2212 1828 2241 ,

332 2260 780 2331 Moerentemque
807 2258 968 2312 foves
989 2297 1005 2325 ,
1032 2254 1440 2329 inclinatosque
1469 2267 1704 2330 penates

329 2342 526 2417 Erigis.
556 2341 722 2396 Haud
748 2340 947 2394 mirum
972 2380 989 2408 ,
1017 2340 1238 2394 Ductor
1264 2338 1671 2415 placidissime3

551 2423 777 2499 quando

331 2514 468 2568 Haec
490 2522 572 2565 est
589 2550 606 2578 ,
630 2527 753 2583 quae
773 2506 934 2564 victis
954 2507 1245 2581 parcentia
1274 2505 1482 2561 foedera
1510 2510 1721 2577 Cattis,

337 2600 584 2669 Quaeque
610 2612 768 2646 suum
794 2591 961 2647 Dacis
980 2591 1154 2645 donat
1176 2592 1472 2645 clementia
1500 2606 1753 2649 montem
1776 2613 1793 2666 ;

332 2684 471 2755 Quae
490 2677 659 2734 modo
686 2682 1080 2733 Marcomanos
1099 2716 1115 2744 ‚
1137 2689 1265 2751 post
1289 2675 1516 2730 horrida
1545 2676 1689 2734 bella
1709 2721 1726 2749 ,

559 2782 846 2839 vagosque
1587 2770 1588 2773 ’

329 2855 712 2917 SauromataS‚
743 2848 905 2903 Latio
928 2866 1048 2902 non
1072 2858 1156 2901 est
1176 2844 1400 2921 dignata
1425 2846 1745 2923 triumpho.

329 2937 569 3012 Jamque
592 2935 647 2989 in
672 2935 781 2989 fine
808 2932 956 3001 dies,
983 2944 1038 2987 et
1059 2930 1400 2986 inexorabile
1427 2950 1659 3004 pensum

330 3017 555 3076 Deficit.
583 3019 689 3079 Hie
703 3017 883 3077 moesti
894 3017 1076 3094 pietas
1092 3036 1184 3072 me
1198 3013 1380 3094 poscit
1404 3015 1627 3075 Etrusci

1781 3181 1972 3340 ‘f'
