2079 3613
444 292 556 366 570
687 288 1126 351 ΤΗΕΒΑῙῡοε,
1179 290 1322 338 ΜΒ.
1373 291 1447 338 v.
1627 282 1793 364 ¹¹37

240 371 243 374 Δ
315 409 343 440 κ
361 385 725 445 SubvehereS.
747 410 776 440 >2
805 381 977 445 Volat
1001 385 1162 442 hasta
1188 397 1437 441 tremens
1455 427 1471 455 ,
1499 397 1556 442 et
1587 384 1800 444 hiantia

496 501 501 502 ⁷
528 472 765 529 monstri

308 567 422 623 Ora
447 568 597 626 subit
612 610 635 637 ,,
655 569 966 646 linguaeque
995 582 1148 626 secat
1172 565 1296 625 fera
1317 564 1505 624 vincla
1526 567 1760 622 trisulcae
1779 587 1797 623 t

305 654 518 727 Perque
551 654 711 728 jubas
739 667 944 710 stantes
962 695 978 722 .,
1012 653 1322 729 capitisque
1354 651 1567 726 insigne
1592 652 1803 707 corusci

304 738 516 793 Emicat
535 779 553 807 ‚
587 750 643 794 et
668 740 816 814 nigri
842 739 995 794 sanie
1019 739 1251 815 perfusa
1281 735 1498 792 cerebri

305 822 524 896 Figitur
551 821 711 877 hasta
745 822 881 880 sole.
918 825 1147 898 Longus
1175 824 1267 880 vix
1295 833 1410 875 tota
1439 819 1659 897 peregit

307 905 557 962 Membra
586 905 774 963 dolor:
805 908 1006 983 rapido
1035 905 1186 963 celer
1212 904 1302 961 ille
1323 906 1608 962 volumine
1632 902 1801 960 telum

303 989 546 1060 Circuit,
571 991 934 1066 avulsumque
954 995 1135 1048 serens
1159 991 1213 1045 in
1241 1012 1414 1066 opaca
1430 991 1651 1065 ,refugit

304 1074 539 1148 Templa
564 1074 687 1127 Dei.
717 1075 823 1127 Hic
849 1094 1051 1147 magno
1077 1074 1335 1129 tellurem
1364 1075 1616 1151 pondere

530 1175 751 1211 mensus
772 1196 788 1225 ‚

296 1254 698 1332 Implorantem
728 1253 966 1310 animam
992 1255 1230 1310 dominis
1249 1248 1500 1311 'assibilat
1529 1253 1649 1310 aris,

298 1340 465 1396 Illum
493 1353 547 1408 et
575 1351 820 1414 cognatae
850 1352 1044 1416 stagna
1074 1340 1417 1414 indignantia
1444 1344 1669 1411 Lernae,

299 1426 558 1482 Floribus
586 1438 641 1481 et
667 1426 850 1484 vernis
874 1439 1104 1484 assuetae
1128 1448 1388 1503 spargere
1411 1429 1712 1506 Nympbae,

300 1513 372 1568 Et
400 1514 641 1572 Nemees
661 1525 911 1589 reptatus
935 1534 1094 1591 ager,
1122 1513 1391 1590 lucosque
1420 1535 1524 1588 per
1547 1534 1738 1569 omnes

297 1598 617 1675 Sylvicolae‚
649 1598 830 1654 fracta
855 1600 1137 1675 gemuistis
1162 1599 1430 1655 arundine
1447 1641 1465 1669 ‚
1493 1600 1693 1655 Fauni.

371 1700 503 1776 Ipse
531 1699 700 1755 etiam
722 1720 749 1755 e
777 1718 989 1755 summa
1008 1700 1123 1774 jam
1139 1698 1248 1754 tela
1263 1711 1598 1776 poposcerat
1622 1698 1792 1754 aethra

301 1782 337 1838 J
344 1784 588 1858 uppiter,
608 1794 663 1839 et
681 1781 892 1838 dudum
907 1783 1193 1860 nimbique
1205 1782 1528 1859 hiemesque
1548 1783 1792 1855 coibant,

294 1867 365 1921 Ni
389 1868 573 1922 minor
600 1866 682 1921 ira
706 1871 828 1920 Deo
847 1907 862 1934 ,
892 1870 1263 1941 gravioraque
1289 1868 1399 1923 tela
1426 1870 1632 1923 mereri

290 1952 547 2008 Servatus
573 1952 884 2027 Capaneus.
916 1952 1062 2007 Moti
1089 1965 1273 2007 tamen
1299 1971 1430 2007 aura
1457 1949 1705 2006 cucurrit

295 2036 595 2105 Fulminis,
618 2049 675 2094 et
697 2057 936 2095 summas
959 2036 1156 2095 libavit
1179 2038 1388 2096 vertice
1416 2037 1627 2094 cristas,

369 2137 608 2212 Jamque
631 2138 936 2212 pererratis
960 2137 1148 2197 infelix
1173 2137 1401 2194 Lemnia
1427 2134 1664 2211 campiS‚

291 2220 465 2277 Liber
484 2233 747 2297 utangue
765 2221 949 2294 locuS,
969 2222 1195 2279 modico
1216 2243 1387 2299 super
1408 2240 1604 2298 aggere
1625 2220 1791 2297 longe

290 2308 499 2365 Pallida
525 2310 840 2385 sanguineis
868 2310 1103 2366 infectas
1126 2309 1343 2365 roribus
1363 2308 1568 2365 herbas

290 2391 587 2467 Prospicit.
615 2395 742 2447 Huc
763 2412 962 2465 magno
990 2414 1212 2448 cursum
1235 2395 1385 2468 rapit
1411 2393 1582 2447 effera
1603 2393 1756 2449 luctu
1772 2433 1788 2461 ,

292 2476 675 2547 Agnoscitque
704 2478 862 2531 nefas
886 2496 899 2531 ε
939 2492 1213 2551 terraeque
1239 2477 1382 2533 illisa
1406 2478 1632 2533 nocenti

288 2555 567 2617 Fulminis
592 2557 652 2610 in
677 2577 891 2612 morem
907 2600 922 2628 .‚
950 2561 1259 2619 non.verba
1281 2563 1340 2616 in
1357 2564 1551 2617 funere
1573 2562 1787 2635 prim0‚

290 2645 419 2698 Non
444 2641 726 2715 lacrymas
754 2639 944 2699 habet.
976 2644 1293 2717 Ingeminat
1323 2645 1523 2698 misera
1553 2641 1741 2698 oscula

515 2738 735 2782 tantum

292 2824 671 2895 Incumbens.,
704 2824 1011 2901 animaeque
1044 2825 1235 2901 fugam
1269 2844 1376 2901 per
1401 2823 1654 2885 membra

511 2923 804 2988 tepentem
1649 2916 1652 2921 ’

291 3008 499 3083 Quaerit
522 3007 698 3069 hians,
720 3011 772 3069 N
775 3029 850 3076 on
869 3030 968 3068 ora
986 3009 1116 3072 loco
1130 3051 1146 3084 ,
1169 3029 1284 3066 non
1303 3020 1533 3091 pectora
1551 3019 1774 3069 restant.
