2079 3613
423 320 529 357 222
650 304 1087 369 ΤΗΕΒΑῙΒΘΞ,
1141 306 1283 353 LIB.
1338 308 1503 357 Vlllz
1588 351 1601 365 ,
1651 320 1766 363 221

279 403 352 456 Et
377 393 663 463 m'oderata
690 423 888 459 sonum
918 404 1074 461 vario
1101 404 1399 481 spiramine
1426 405 1624 463 buxus·

277 487 444 542 Tunc
465 486 653 543 dulces
671 490 914 565 Superos
933 531 949 559 ‚
976 503 1143 566 atque
1171 509 1334 561 omne
1356 509 1428 545 ex
1443 489 1639 548 ordine

495 571 777 629 alumnum

275 656 495 713 Numen
508 702 522 727 ,
545 660 753 734 ubique
773 659 914 716 sacri
934 673 1193 723 resonant
1208 661 1464 731 Poeane53
1489 660 1698 736 ubique
1760 668 1773 679 ⁸

272 740 424 797 Serta
440 783 456 812 ,
484 757 935 820 coronatumque
948 766 1181 801 merum.
1203 749 1359 802 Nunc
1372 747 1565 803 funera
1584 745 1771 802 rident

267 828 502 901 Auguris
526 829 707 904 ignari
733 872 750 896 ,
777 841 1084 905 contraque
1112 830 1169 885 in
1195 843 1424 905 pectore
1450 843 1672 888 certant

267 913 541 968 Tiresiam
557 913 782 969 laudare
802 933 981 969 suum.
1011 916 1178 979 Nunc
1200 915 1347 973 facta
1365 917 1661 975 revolvunt

268 998 545 1069 Majorum
567 1039 583 1061 ,
605 1010 939 1069 veteresque
955 1011 1163 1051 canunt
1185 1000 1255 1052 ab
1283 1000 1490 1074 origiue
1512 1002 1757 1060 Thebas.

267 1080 340 1132 Hi
358 1098 511 1132 mare
535 1078 826 1134 Sidonium
848 1120 862 1145 ,
891 1079 1261 1152 manibusque
1287 1083 1477 1136 attrita
1495 1087 1764 1142 Tonantis

265 1167 521 1230 Cornua»,
547 1174 602 1217 et
623 1161 834 1237 ingenti
860 1160 1138 1219 sulcatum
1160 1164 1343 1221 Nerea
1367 1176 1525 1220 tauro
1550 1185 1564 1220 :

267 1243 342 1297 Hi
370 1243 643 1302 Cadmum
659 1284 688 1315 ,›
704 1245 1014 1322 lassamque
1037 1248 1242 1308 hovem
1257 1288 1276 1318 ,
1303 1250 1579 1327 foetosque

486 1331 706 1391 erue-nti
828 1374 846 1401 a·

260 1410 455 1467 Martis
481 1433 638 1488 agros
661 1436 679 1470 z
704 1414 796 1470 alii
820 1417 1049 1495 Tyriam
1077 1418 1359 1492 reptantia
1382 1438 1512 1479 sua

259 1495 352 1549 Ad
377 1494 587 1574 ¹chelyn
606 1542 622 1567 ,
645 1514 701 1556 et
727 1500 891 1560 duras
916 1502 1254 1560 animantem
1274 1502 1585 1580 Amphiona
1658 1552 1675 1565 .

464 1596 682 1639 cautes:
1318 1600 1323 1605 ’

253 1663 327 1717 ffi
348 1668 631 1738 gravidam
645 1670 910 1729 Semelen
933 1694 951 1731 t
974 1673 1054 1728 illi
1075 1673 1377 1751 Cythereia
1395 1673 1625 1733 laudant

248 1746 544 1803 connubia
563 1790 580 1820 ‚
609 1765 672 1806 et
694 1754 868 1811 multa
896 1758 1197 1815 deductam
1216 1759 1478 1837 lampade

470 1834 710 1889 fratrum
926 1863 932 1868 .
1414 1857 1415 1862 ¹

252 1915 605 1975 Harmonien
618 1941 637 1988 3
658 1919 941 1998 nullisque
963 1924 1124 1980 deest
1138 1944 1246 1982 sua
1265 1926 1448 1987 fabula
1474 1929 1696 1986 mensis.

241 1999 555 2058 Ceumodo
580 2005 978 2081 gemmiferum
998 2007 1198 2087 thyrso
1218 2009 1525 2088 populatus

460 2090 799 2169 Hydaspen,

244 2176 501 2250 ansque
522 2176 720 2235 domos
737 2222 754 2251 ,
782 2181 925 2256 nigri
948 2180 1152 2256 vexilla
1172 2184 1445 2262 triumphi

239 2257 408 2314 Liber
427 2300 444 2329 .,
467 2275 525 2317 et
551 2262 769 2339 ignotos
788 2267 1015 2343 populis
1041 2272 1372 2328 ostenderet
1397 2271 1589 2329 Indos.

311 2344 457 2397 Tum
471 2346 716 2419 primum
743 2349 818 2404 ad
835 2364 1010 2407 coetus
1028 2395 1043 2421 ,
1071 2353 1339 2430 sociaeque
1357 2357 1429 2411 ad
1448 2357 1661 2414 foedera

447 2445 650 2483 mensae

231 2510 469 2583 Semper
483 2510 837 2587 inaspectum
858 2557 874 2586 ,
901 2518 1136 2595 diraque
1163 2523 1219 2577 in
1241 2525 1373 2592 sede
1393 2527 1661 2584 latentem
1676 2568 1693 2595 ‚

135 2630 140 2634 ·
235 2590 580 2669 OEdipoden
606 2597 787 2653 exisse
815 2600 1035 2669 serunt,
1067 2602 1336 2680 vultuque
1351 2627 1553 2665 sereno

197 2697 204 2704 ·
229 2678 510 2735 Canitiem
537 2681 752 2757 nigram
778 2685 1057 2761 squallore
1084 2729 1100 2759 ‚
1131 2700 1190 2745 et
1213 2690 1440 2750 sordida
1465 2694 1605 2751 fusis

232 2763 343 2820 Ora
364 2766 536 2823 comis
559 2767 773 2827 laxasse
801 2791 1000 2842 manu,
1041 2773 1362 2851 sociumque
1386 2776 1657 2854 benignos

234 2848 453 2905 Affatus
473 2894 491 2917 ‚
518 2864 574 2907 et
603 2853 800 2912 abacta
825 2855 979 2931 prius
999 2856 1193 2916 solatia
1216 2880 1481 2937 passum:

227 2930 376 2999 Quin
401 2932 645 2993 hausisse
667 2940 840 3016 dapes
858 2985 872 3012 ‚
905 2942 1355 3021 insiccatumque
1371 2962 1628 3007 cruorem

221 3013 496 3089 Dejecisse
509 3022 690 3094 genis.
718 3027 965 3086 Cunctos
989 3029 1256 3106 auditque
1277 3075 1289 3100 ,
1324 3035 1601 3112 refertque
1621 3082 1637 3105 ‚
