2079 3613
441 330 554 406 '454
689 333 1131 401 ΤΗΕΒΑΙΒΟΒ,
1183 335 1326 385 Lm.
1376 338 1480 387 lv.
1687 349 1770 411 99

266 436 492 492 Trunca
521 432 729 492 dehinc
762 453 990 491 nemora
1022 431 1301 502 advolvit,
1333 446 1671 517 moestusque

429 542 451 554 ³
477 520 737 577 sacerdos

264 609 404 662 Tres
418 608 649 664 Hecatae
663 649 679 677 ‚
699 604 1056 681 totidemque
1076 605 1209 662 satis
1227 603 1541 687 Acheronte
1556 607 1771 667 nefasto

265 689 591 767 Virginibus
613 690 778 768 jubet
800 710 915 749 esse
935 693 1111 748 focos.
1143 688 1270 745 Tibi
1281 706 1304 760 ,·
1323 702 1510 747 rector
1529 694 1740 750 Averni
1755 733 1773 764 ,

267 780 605 853 Quanquam
624 779 864 835 infossus
882 776 1057 833 humo
1072 819 1088 849 ‚
1112 787 1342 851 superat
1360 789 1549 833 tamen
1569 797 1737 854 agger

478 862 541 940 in
565 884 729 920 auras

264 950 468 1005 Pineus
486 971 498 1004 :
519 948 669 1005 hunc
691 951 850 1024 juxta
868 947 1094 1006 cumulo
1109 943 1307 1006 *minor
1323 970 1416 1006 ara
1441 949 1739 1027 profundae

239 1027 513 1109 *Erigitur
528 1034 746 1088 Cereri.
780 1031 1023 1089 Frondes
1041 1074 1058 1101 ‚
1083 1046 1254 1108 atque
1286 1053 1452 1090 omne
1478 1054 1775 1110 cupressus

266 1116 485 1173 Intexit
505 1115 728 1191 plorata
750 1115 913 1170 latus,
942 1120 1177 1192 Jamque
1204 1119 1377 1173 ardua
1400 1118 1553 1174 ferro

267 1199 483 1277 Signati
508 1200 726 1276 capita,
755 1212 809 1254 et
838 1201 1060 1280 frugum
1084 1199 1345 1257 libamine
1369 1221 1517 1278 puro

268 1289 340 1343 In
361 1287 570 1344 vulnus
596 1284 856 1343 cecidere
879 1306 1098 1362 greges.
1124 1289 1288 1343 Tunc
1313 1287 1526 1344 innuba
1544 1290 1739 1350 Manto

188 1445 191 1448 Ι
265 1375 586 1450 Exceptum
611 1372 821 1448 pateris
840 1370 1098 1450 praelibat
1123 1372 1448 1449 sanguinem
1465 1415 1482 1446 ,
1507 1389 1564 1433 et
1586 1396 1776 1435 omnes

270 1459 389 1514 Ter
405 1458 614 1513 circum
635 1468 761 1513 acta
777 1473 950 1534 pyras
963 1500 979 1528 ‚
1011 1459 1190 1515 sancti
1218 1457 1289 1514 de
1312 1478 1469 1516 more
1487 1460 1737 1538 parentis
1755 1501 1772 1533 ‚

272 1541 586 1598 Semineces
611 1540 900 1611 fibras‚·et
925 1542 1115 1599 adhuc
1139 1542 1411 1619 spirantia
1435 1544 1627 1603 reddit

271 1625 506 1683 Viscera
526 1645 541 1681 ε
565 1645 673 1683 nec
696 1625 924 1703 rapidas
941 1640 1246 1684 cunctatur
1268 1627 1564 1688 frondibus
1584 1632 1722 1689 atris

270 1710 595 1783 Subiectare
622 1713 792 1768 faces.
820 1714 1001 1789 Atque
1027 1714 1149 1789 ipse
1171 1714 1421 1771 sonantia
1441 1714 1678 1775 flammis

271 1795 526 1872 virgulta
542 1838 559 1866 ‚
587 1811 644 1853 et
668 1796 853 1854 tristes
878 1798 1163 1874 crepuisse
1188 1812 1252 1855 ut
1269 1800 1445 1858 sensit
1469 1823 1703 1863 acervos

271 1877 520 1936 Tiresias
546 1877 664 1948 (illi
691 1898 822 1933 nam
853 1881 1129 1954 plurimus
1155 1883 1322 1937 ardor
1349 1883 1576 1932 anhelat.

272 1966 425 2021 Ante
445 1982 646 2040 genas,
665 1960 979 2038 impletque
1001 1983 1170 2017 cavos
1189 1979 1370 2036 vapor
1382 1956 1580 2034 igneus
1596 1960 1776 2040 orbes)

274 2050 566 2106 Exclamat
582 2044 882 2126 (tremuere
908 2045 1059 2124 rogi,
1082 2058 1139 2103 et
1161 2064 1273 2104 vox
1295 2043 1518 2121 impulit
1537 2043 1774 2126 ignem):

354 2156 384 2186 «
407 2135 688 2190 Tartareae
714 2132 874 2192 sedes
890 2176 907 2204 ,
931 2146 986 2190 et
1007 2129 1362 2189 formidabile
1385 2151 1620 2208 regnum

285 2242 317 2271 α
335 2217 535 2275 Mortis
552 2218 884 2295 inexpletae!
912 2230 1089 2294 tuque
1102 2257 1119 2288 ‚
1143 2237 1178 2274 o
1197 2216 1493 2274 saevissime
1511 2217 1747 2276 fratrum
1763 2256 1781 2291 ,

283 2328 315 2357 tt
334 2305 444 2360 Cui
459 2305 672 2362 servire
695 2305 816 2363 dati
834 2308 1037 2361 Manes
1049 2347 1063 2373 ‚
1090 2316 1414 2381 aeternaque
1432 2314 1658 2360 sontum

285 2414 316 2443 (τ
336 2390 625 2466 Supplicia
643 2431 660 2461 ‚
690 2403 860 2466 atque
882 2390 980 2446 imi
1002 2388 1303 2446 famulatur
1327 2390 1478 2464 regia
1505 2390 1700 2447 mundi
1731 2394 1747 2445 l

288 2499 318 2526 «
340 2475 545 2552 Solvite
571 2474 813 2546 pulsanti
839 2474 964 2532 loca
992 2488 1144 2532 muta
1161 2516 1177 2544 ‚
1213 2486 1269 2532 et
1290 2473 1463 2531 inane
1496 2493 1701 2534 severae

287 2584 320 2612 «
338 2556 728 2632 Persephones
748 2598 766 2626 ‚
809 2559 1124 2634 vulgusque
1159 2578 1296 2617 cava
1332 2558 1435 2641 sub
1470 2571 1638 2615 nocte

506 2651 800 2718 repostum

290 2753 321 2781 «
338 2725 536 2783 Elicite
550 2767 566 2797 ‚
588 2737 648 2782 et
670 2724 841 2802 plena
867 2722 1062 2783 redeat
1084 2724 1254 2802 Styga
1278 2723 1523 2798 portitor
1544 2720 1693 2780 alno.

292 2836 325 2866 «
344 2814 514 2870 Ferte
541 2812 704 2869 simul
725 2830 945 2889 gressus
967 2828 982 2867 z
1003 2829 1113 2868 nec
1132 2808 1372 2885 simplex
1389 2808 1651 2868 Manibus
1669 2823 1790 2871 esto

294 2922 326 2949 u
343 2899 412 2953 In
434 2896 620 2956 lucem
645 2917 895 2956 remeare
923 2895 1144 2956 moduS.
1171 2897 1269 2952 Tu·
1288 2914 1487 2972 separe
1513 2909 1662 2955 coetu

295 3006 328 3036 «
345 2980 557 3060 Elysios
576 2985 786 3040 Persaee
813 2983 965 3060 pios,
992 2982 1262 3061 virgaque
1288 2979 1506 3059 potenti
1657 3030 1662 3033 ,

295 3090 328 3118 α
349 3065 590 3123 Nubilus
605 3069 786 3125 Areas
803 3082 951 3147 agat.
970 3069 1186 3129 Contra
1202 3087 1304 3148 per
1319 3065 1550 3129 erimina
1560 3067 1789 3146 fimetis,
