<?xml version="1.0" encoding="UTF-8"?>
<!DOCTYPE html PUBLIC "-//W3C//DTD XHTML 1.0 Transitional//EN"
    "http://www.w3.org/TR/xhtml1/DTD/xhtml1-transitional.dtd">
<html xmlns="http://www.w3.org/1999/xhtml" xml:lang="en" lang="en">
 <head>
  <title>
</title>
<meta http-equiv="Content-Type" content="text/html;charset=utf-8" />
  <meta name='ocr-system' content='tesseract 3.04.00' />
  <meta name='ocr-capabilities' content='ocr_page ocr_carea ocr_par ocr_line ocrx_word'/>
</head>
<body>
  <div class='ocr_page' id='page_1' title='image "./operaadoptimeed00statgoog/operaadoptimeed00statgoog_0554.png"; bbox 0 0 2079 3613; ppageno 0'>
   <div class='ocr_carea' id='block_1_1' title="bbox 309 266 1598 340">
    <p class='ocr_par' dir='ltr' id='par_1_1' title="bbox 309 266 1598 340">
     <span class='ocr_line' id='line_1_1' title="bbox 309 266 1598 340; baseline -0.002 -14"><span class='ocrx_word' id='word_1_1' title='bbox 309 266 435 326; x_wconf 84' lang='lat'><strong>520</strong></span> <span class='ocrx_word' id='word_1_2' title='bbox 574 276 1013 340; x_wconf 74' lang='lat' dir='ltr'><strong>sYLvAauM,</strong></span> <span class='ocrx_word' id='word_1_3' title='bbox 1068 277 1207 325; x_wconf 76' lang='lat' dir='ltr'><strong>Lm.</strong></span> <span class='ocrx_word' id='word_1_4' title='bbox 1261 278 1380 326; x_wconf 87' lang='lat'>111.</span> <span class='ocrx_word' id='word_1_5' title='bbox 1548 279 1598 332; x_wconf 44' lang='grc' dir='ltr'><strong>8ἱ</strong></span> 
     </span>
    </p>
   </div>
   <div class='ocr_carea' id='block_1_2' title="bbox 269 371 1830 3082">
    <p class='ocr_par' dir='ltr' id='par_1_2' title="bbox 269 371 1830 3082">
     <span class='ocr_line' id='line_1_2' title="bbox 303 371 1723 448; baseline 0.001 -24"><span class='ocrx_word' id='word_1_6' title='bbox 303 371 647 447; x_wconf 87' lang='lat' dir='ltr'><strong>Intonsoque</strong></span> <span class='ocrx_word' id='word_1_7' title='bbox 674 372 908 429; x_wconf 83' lang='lat' dir='ltr'>ostende</span> <span class='ocrx_word' id='word_1_8' title='bbox 928 371 1094 448; x_wconf 87' lang='lat' dir='ltr'><strong>patri.</strong></span> <span class='ocrx_word' id='word_1_9' title='bbox 1123 372 1256 430; x_wconf 84' lang='lat' dir='ltr'>Sine</span> <span class='ocrx_word' id='word_1_10' title='bbox 1282 371 1450 427; x_wconf 85' lang='lat' dir='ltr'><strong>dulce</strong></span> <span class='ocrx_word' id='word_1_11' title='bbox 1467 373 1723 428; x_wconf 85' lang='lat' dir='ltr'><strong>nitentes</strong></span> 
     </span>
     <span class='ocr_line' id='line_1_3' title="bbox 304 456 1692 535; baseline 0 -25"><span class='ocrx_word' id='word_1_12' title='bbox 304 456 639 533; x_wconf 85' lang='lat' dir='ltr'><strong>Comparet,</strong></span> <span class='ocrx_word' id='word_1_13' title='bbox 668 470 834 535; x_wconf 89' lang='lat' dir='ltr'><strong>atque</strong></span> <span class='ocrx_word' id='word_1_14' title='bbox 862 459 960 513; x_wconf 89' lang='lat' dir='ltr'><strong>diu</strong></span> <span class='ocrx_word' id='word_1_15' title='bbox 979 457 1166 513; x_wconf 84' lang='lat' dir='ltr'><strong>fratris</strong></span> <span class='ocrx_word' id='word_1_16' title='bbox 1183 469 1348 532; x_wconf 89' lang='lat' dir='ltr'><strong>putet</strong></span> <span class='ocrx_word' id='word_1_17' title='bbox 1376 475 1497 514; x_wconf 89' lang='lat' dir='ltr'><strong>esse</strong></span> <span class='ocrx_word' id='word_1_18' title='bbox 1518 456 1692 531; x_wconf 78' lang='lat' dir='ltr'><strong>Lyaei.</strong></span> 
     </span>
     <span class='ocr_line' id='line_1_4' title="bbox 302 540 1830 618; baseline -0.003 -20"><span class='ocrx_word' id='word_1_19' title='bbox 302 541 518 598; x_wconf 80' lang='lat' dir='ltr'><strong>Forsan</strong></span> <span class='ocrx_word' id='word_1_20' title='bbox 544 556 600 598; x_wconf 92' lang='lat' dir='ltr'><strong>et</strong></span> <span class='ocrx_word' id='word_1_21' title='bbox 625 542 744 618; x_wconf 84' lang='lat' dir='ltr'><strong>ipse</strong></span> <span class='ocrx_word' id='word_1_22' title='bbox 769 563 942 600; x_wconf 80' lang='lat' dir='ltr'><strong>comae</strong></span> <span class='ocrx_word' id='word_1_23' title='bbox 958 561 1241 615; x_wconf 87' lang='lat' dir='ltr'><strong>nunquam</strong></span> <span class='ocrx_word' id='word_1_24' title='bbox 1262 541 1503 598; x_wconf 88' lang='lat' dir='ltr'><strong>labentis</strong></span> <span class='ocrx_word' id='word_1_25' title='bbox 1529 540 1830 606; x_wconf 39' lang='lat' dir='ltr'><strong>honorem·</strong></span> 
     </span>
     <span class='ocr_line' id='line_1_5' title="bbox 300 625 1790 702; baseline 0.001 -22"><span class='ocrx_word' id='word_1_26' title='bbox 300 626 552 683; x_wconf 84' lang='lat' dir='ltr'><strong>Proseret</strong></span> <span class='ocrx_word' id='word_1_27' title='bbox 572 668 588 697; x_wconf 87' lang='lat'>,</span> <span class='ocrx_word' id='word_1_28' title='bbox 618 640 787 702; x_wconf 87' lang='lat' dir='ltr'><strong>atque</strong></span> <span class='ocrx_word' id='word_1_29' title='bbox 814 628 924 684; x_wconf 89' lang='lat' dir='ltr'><strong>alio</strong></span> <span class='ocrx_word' id='word_1_30' title='bbox 945 627 1190 683; x_wconf 87' lang='lat' dir='ltr'><strong>clausum</strong></span> <span class='ocrx_word' id='word_1_31' title='bbox 1213 625 1316 680; x_wconf 87' lang='lat' dir='ltr'><strong>tibi</strong></span> <span class='ocrx_word' id='word_1_32' title='bbox 1336 638 1515 702; x_wconf 86' lang='lat' dir='ltr'><strong>ponet</strong></span> <span class='ocrx_word' id='word_1_33' title='bbox 1534 625 1594 680; x_wconf 89' lang='lat' dir='ltr'><strong>in</strong></span> <span class='ocrx_word' id='word_1_34' title='bbox 1622 644 1790 681; x_wconf 79' lang='lat' dir='ltr'><strong>auro,</strong></span> 
     </span>
     <span class='ocr_line' id='line_1_6' title="bbox 301 710 1515 789; baseline 0 -23"><span class='ocrx_word' id='word_1_35' title='bbox 301 712 564 787; x_wconf 84' lang='lat' dir='ltr'><strong>Pergame</strong></span> <span class='ocrx_word' id='word_1_36' title='bbox 583 755 597 781; x_wconf 91' lang='lat'><strong>‚</strong></span> <span class='ocrx_word' id='word_1_37' title='bbox 627 713 862 789; x_wconf 86' lang='lat' dir='ltr'><strong>pinifera</strong></span> <span class='ocrx_word' id='word_1_38' title='bbox 882 713 1121 768; x_wconf 88' lang='lat' dir='ltr'><strong>multum</strong></span> <span class='ocrx_word' id='word_1_39' title='bbox 1151 710 1366 768; x_wconf 80' lang='lat' dir='ltr'>felicior</span> <span class='ocrx_word' id='word_1_40' title='bbox 1381 710 1515 769; x_wconf 86' lang='lat' dir='ltr'><strong>Ida!</strong></span> 
     </span>
     <span class='ocr_line' id='line_1_7' title="bbox 299 794 1584 873; baseline 0.002 -25"><span class='ocrx_word' id='word_1_41' title='bbox 299 794 406 849; x_wconf 81' lang='lat' dir='ltr'><strong>Illa</strong></span> <span class='ocrx_word' id='word_1_42' title='bbox 433 797 568 852; x_wconf 88' lang='lat' dir='ltr'><strong>licet</strong></span> <span class='ocrx_word' id='word_1_43' title='bbox 588 816 757 852; x_wconf 86' lang='lat' dir='ltr'><strong>sacrae</strong></span> <span class='ocrx_word' id='word_1_44' title='bbox 780 796 1007 871; x_wconf 87' lang='lat' dir='ltr'><strong>placeat</strong></span> <span class='ocrx_word' id='word_1_45' title='bbox 1027 795 1132 850; x_wconf 83' lang='lat' dir='ltr'><strong>sibi</strong></span> <span class='ocrx_word' id='word_1_46' title='bbox 1157 795 1322 852; x_wconf 83' lang='lat' dir='ltr'><strong>laude</strong></span> <span class='ocrx_word' id='word_1_47' title='bbox 1342 796 1584 873; x_wconf 78' lang='lat' dir='ltr'><strong>rapinae3</strong></span> 
     </span>
     <span class='ocr_line' id='line_1_8' title="bbox 301 879 1809 958; baseline 0.001 -24"><span class='ocrx_word' id='word_1_48' title='bbox 301 879 517 955; x_wconf 82' lang='lat' dir='ltr'><strong>Nempe</strong></span> <span class='ocrx_word' id='word_1_49' title='bbox 535 881 691 938; x_wconf 81' lang='lat' dir='ltr'><strong>dedit</strong></span> <span class='ocrx_word' id='word_1_50' title='bbox 711 881 926 958; x_wconf 85' lang='lat' dir='ltr'><strong>superis</strong></span> <span class='ocrx_word' id='word_1_51' title='bbox 941 881 1094 937; x_wconf 79' lang='lat' dir='ltr'><strong>illum</strong></span> <span class='ocrx_word' id='word_1_52' title='bbox 1115 924 1132 951; x_wconf 82' lang='grc'><strong>.,</strong></span> <span class='ocrx_word' id='word_1_53' title='bbox 1150 902 1316 957; x_wconf 88' lang='lat' dir='ltr'><strong>quem</strong></span> <span class='ocrx_word' id='word_1_54' title='bbox 1332 881 1556 937; x_wconf 87' lang='lat' dir='ltr'><strong>turbida</strong></span> <span class='ocrx_word' id='word_1_55' title='bbox 1575 899 1809 955; x_wconf 75' lang='lat' dir='ltr'><strong>semper</strong></span> 
     </span>
     <span class='ocr_line' id='line_1_9' title="bbox 299 964 1615 1045; baseline 0.002 -26"><span class='ocrx_word' id='word_1_56' title='bbox 299 964 337 1019; x_wconf 86' lang='lat' dir='ltr'><strong>J</strong></span> <span class='ocrx_word' id='word_1_57' title='bbox 340 984 449 1019; x_wconf 87' lang='lat' dir='ltr'><strong>uno</strong></span> <span class='ocrx_word' id='word_1_58' title='bbox 467 966 623 1038; x_wconf 75' lang='lat' dir='ltr'><strong>videt</strong></span> <span class='ocrx_word' id='word_1_59' title='bbox 641 1009 658 1036; x_wconf 89' lang='lat'>‚</span> <span class='ocrx_word' id='word_1_60' title='bbox 682 968 1002 1045; x_wconf 83' lang='lat' dir='ltr'><strong>refugitque</strong></span> <span class='ocrx_word' id='word_1_61' title='bbox 1027 987 1255 1023; x_wconf 87' lang='lat' dir='ltr'><strong>manum</strong></span> <span class='ocrx_word' id='word_1_62' title='bbox 1275 1006 1291 1037; x_wconf 89' lang='lat'>,</span> <span class='ocrx_word' id='word_1_63' title='bbox 1312 979 1615 1041; x_wconf 74' lang='lat' dir='ltr'><strong>nectarque</strong></span> 
     </span>
     <span class='ocr_line' id='line_1_10' title="bbox 513 1066 753 1110; baseline 0.013 -3"><span class='ocrx_word' id='word_1_64' title='bbox 513 1066 753 1110; x_wconf 81' lang='lat' dir='ltr'><strong>recusat.</strong></span> 
     </span>
     <span class='ocr_line' id='line_1_11' title="bbox 297 1134 1718 1213; baseline 0 -23"><span class='ocrx_word' id='word_1_65' title='bbox 297 1136 376 1191; x_wconf 88' lang='lat' dir='ltr'><strong>At</strong></span> <span class='ocrx_word' id='word_1_66' title='bbox 397 1148 459 1190; x_wconf 93' lang='lat' dir='ltr'><strong>tu</strong></span> <span class='ocrx_word' id='word_1_67' title='bbox 478 1148 633 1213; x_wconf 85' lang='lat' dir='ltr'><strong>grata</strong></span> <span class='ocrx_word' id='word_1_68' title='bbox 655 1139 815 1206; x_wconf 82' lang='lat' dir='ltr'><strong>Deis,</strong></span> <span class='ocrx_word' id='word_1_69' title='bbox 844 1135 1198 1212; x_wconf 86' lang='lat' dir='ltr'><strong>pulchroque</strong></span> <span class='ocrx_word' id='word_1_70' title='bbox 1218 1134 1448 1209; x_wconf 87' lang='lat' dir='ltr'><strong>insignis</strong></span> <span class='ocrx_word' id='word_1_71' title='bbox 1461 1134 1683 1191; x_wconf 87' lang='lat' dir='ltr'><strong>alumno</strong></span> <span class='ocrx_word' id='word_1_72' title='bbox 1699 1174 1718 1203; x_wconf 87' lang='lat'>‚</span> 
     </span>
     <span class='ocr_line' id='line_1_12' title="bbox 297 1218 1650 1298; baseline -0.002 -23"><span class='ocrx_word' id='word_1_73' title='bbox 297 1219 497 1275; x_wconf 81' lang='lat' dir='ltr'>Misisti</span> <span class='ocrx_word' id='word_1_74' title='bbox 521 1220 675 1276; x_wconf 89' lang='lat' dir='ltr'><strong>Latio</strong></span> <span class='ocrx_word' id='word_1_75' title='bbox 701 1221 920 1298; x_wconf 86' lang='lat' dir='ltr'><strong>placida</strong></span> <span class='ocrx_word' id='word_1_76' title='bbox 945 1240 1106 1294; x_wconf 88' lang='lat' dir='ltr'><strong>quem</strong></span> <span class='ocrx_word' id='word_1_77' title='bbox 1127 1218 1312 1275; x_wconf 84' lang='lat' dir='ltr'><strong>fronte</strong></span> <span class='ocrx_word' id='word_1_78' title='bbox 1337 1218 1650 1274; x_wconf 80' lang='lat' dir='ltr'><strong>ministrum</strong></span> 
     </span>
     <span class='ocr_line' id='line_1_13' title="bbox 294 1305 1715 1383; baseline 0 -23"><span class='ocrx_word' id='word_1_79' title='bbox 294 1305 559 1379; x_wconf 87' lang='lat' dir='ltr'><strong>Juppiter</strong></span> <span class='ocrx_word' id='word_1_80' title='bbox 582 1306 865 1363; x_wconf 87' lang='lat' dir='ltr'><strong>Ausonius</strong></span> <span class='ocrx_word' id='word_1_81' title='bbox 890 1307 1138 1383; x_wconf 76' lang='lat' dir='ltr'><strong>pariter,</strong></span> <span class='ocrx_word' id='word_1_82' title='bbox 1172 1306 1540 1379; x_wconf 82' lang='lat' dir='ltr'><strong>Romanaque</strong></span> <span class='ocrx_word' id='word_1_83' title='bbox 1567 1307 1715 1360; x_wconf 87' lang='lat' dir='ltr'><strong>Juno</strong></span> 
     </span>
     <span class='ocr_line' id='line_1_14' title="bbox 293 1389 1604 1466; baseline 0 -22"><span class='ocrx_word' id='word_1_84' title='bbox 293 1389 597 1464; x_wconf 88' lang='lat' dir='ltr'><strong>Aspiciunt</strong></span> <span class='ocrx_word' id='word_1_85' title='bbox 620 1431 636 1459; x_wconf 85' lang='lat'>,</span> <span class='ocrx_word' id='word_1_86' title='bbox 668 1403 723 1445; x_wconf 92' lang='lat' dir='ltr'><strong>et</strong></span> <span class='ocrx_word' id='word_1_87' title='bbox 751 1404 988 1466; x_wconf 85' lang='lat' dir='ltr'><strong>uterque</strong></span> <span class='ocrx_word' id='word_1_88' title='bbox 1009 1391 1279 1466; x_wconf 84' lang='lat' dir='ltr'><strong>probant.</strong></span> <span class='ocrx_word' id='word_1_89' title='bbox 1307 1389 1425 1445; x_wconf 90' lang='lat' dir='ltr'><strong>Nec</strong></span> <span class='ocrx_word' id='word_1_90' title='bbox 1454 1400 1604 1445; x_wconf 86' lang='lat' dir='ltr'><strong>tanta</strong></span> 
     </span>
     <span class='ocr_line' id='line_1_15' title="bbox 414 1475 727 1549; baseline 0.006 -22"><span class='ocrx_word' id='word_1_91' title='bbox 414 1508 418 1511; x_wconf 95' lang='lat'>-</span> <span class='ocrx_word' id='word_1_92' title='bbox 508 1475 727 1549; x_wconf 87' lang='lat' dir='ltr'><strong>potenti</strong></span> 
     </span>
     <span class='ocr_line' id='line_1_16' title="bbox 293 1557 1790 1636; baseline 0 -21"><span class='ocrx_word' id='word_1_93' title='bbox 293 1561 593 1615; x_wconf 74' lang='lat' dir='ltr'><strong>Terrarum</strong></span> <span class='ocrx_word' id='word_1_94' title='bbox 611 1558 854 1615; x_wconf 86' lang='lat' dir='ltr'><strong>Domino</strong></span> <span class='ocrx_word' id='word_1_95' title='bbox 871 1604 886 1626; x_wconf 89' lang='lat'>,</span> <span class='ocrx_word' id='word_1_96' title='bbox 905 1559 1110 1615; x_wconf 70' lang='lat' dir='ltr'><strong>Divum</strong></span> <span class='ocrx_word' id='word_1_97' title='bbox 1127 1559 1247 1616; x_wconf 91' lang='lat' dir='ltr'><strong>sine</strong></span> <span class='ocrx_word' id='word_1_98' title='bbox 1267 1571 1455 1616; x_wconf 90' lang='lat' dir='ltr'><strong>mente</strong></span> <span class='ocrx_word' id='word_1_99' title='bbox 1475 1600 1491 1628; x_wconf 84' lang='lat'><strong>‚</strong></span> <span class='ocrx_word' id='word_1_100' title='bbox 1509 1557 1790 1636; x_wconf 85' lang='lat' dir='ltr'><strong>voluptas.</strong></span> 
     </span>
     <span class='ocr_line' id='line_1_17' title="bbox 365 1641 1549 1721; baseline 0 -22"><span class='ocrx_word' id='word_1_101' title='bbox 365 1645 587 1700; x_wconf 80' lang='lat' dir='ltr'><strong>Dicitur</strong></span> <span class='ocrx_word' id='word_1_102' title='bbox 614 1645 817 1701; x_wconf 80' lang='lat' dir='ltr'><strong>Idalios</strong></span> <span class='ocrx_word' id='word_1_103' title='bbox 843 1646 1043 1721; x_wconf 79' lang='lat' dir='ltr'><strong>Erycis</strong></span> <span class='ocrx_word' id='word_1_104' title='bbox 1062 1647 1131 1700; x_wconf 88' lang='lat' dir='ltr'><strong>de</strong></span> <span class='ocrx_word' id='word_1_105' title='bbox 1159 1644 1371 1702; x_wconf 81' lang='lat' dir='ltr'><strong>vertice</strong></span> <span class='ocrx_word' id='word_1_106' title='bbox 1391 1641 1549 1699; x_wconf 90' lang='lat' dir='ltr'><strong>lucos</strong></span> 
     </span>
     <span class='ocr_line' id='line_1_18' title="bbox 288 1730 1789 1809; baseline -0.001 -24"><span class='ocrx_word' id='word_1_107' title='bbox 288 1731 436 1785; x_wconf 86' lang='lat' dir='ltr'><strong>Dum</strong></span> <span class='ocrx_word' id='word_1_108' title='bbox 457 1730 630 1806; x_wconf 84' lang='lat' dir='ltr'><strong>petit,</strong></span> <span class='ocrx_word' id='word_1_109' title='bbox 656 1742 713 1786; x_wconf 90' lang='lat' dir='ltr'><strong>et</strong></span> <span class='ocrx_word' id='word_1_110' title='bbox 736 1730 928 1786; x_wconf 80' lang='lat' dir='ltr'><strong>mones</strong></span> <span class='ocrx_word' id='word_1_111' title='bbox 949 1733 1122 1805; x_wconf 85' lang='lat' dir='ltr'><strong>agitat</strong></span> <span class='ocrx_word' id='word_1_112' title='bbox 1137 1733 1332 1790; x_wconf 88' lang='lat' dir='ltr'><strong>Venus</strong></span> <span class='ocrx_word' id='word_1_113' title='bbox 1349 1749 1518 1786; x_wconf 85' lang='lat' dir='ltr'><strong>aurea</strong></span> <span class='ocrx_word' id='word_1_114' title='bbox 1537 1748 1747 1809; x_wconf 85' lang='lat' dir='ltr'><strong>cycnos</strong></span> <span class='ocrx_word' id='word_1_115' title='bbox 1768 1768 1789 1801; x_wconf 84' lang='lat'><em>,</em></span> 
     </span>
     <span class='ocr_line' id='line_1_19' title="bbox 287 1815 1750 1891; baseline 0.003 -21"><span class='ocrx_word' id='word_1_116' title='bbox 287 1819 618 1891; x_wconf 77' lang='lat' dir='ltr'><strong>Pergameas</strong></span> <span class='ocrx_word' id='word_1_117' title='bbox 642 1817 877 1873; x_wconf 84' lang='lat' dir='ltr'><strong>intrasse</strong></span> <span class='ocrx_word' id='word_1_118' title='bbox 905 1816 1134 1885; x_wconf 68' lang='lat' dir='ltr'><strong>domm,</strong></span> <span class='ocrx_word' id='word_1_119' title='bbox 1163 1816 1257 1871; x_wconf 92' lang='lat' dir='ltr'><strong>ubi</strong></span> <span class='ocrx_word' id='word_1_120' title='bbox 1283 1817 1555 1873; x_wconf 84' lang='lat' dir='ltr'><strong>maximus</strong></span> <span class='ocrx_word' id='word_1_121' title='bbox 1579 1815 1750 1891; x_wconf 79' lang='lat' dir='ltr'><strong>aegris</strong></span> 
     </span>
     <span class='ocr_line' id='line_1_20' title="bbox 287 1899 1465 1970; baseline -0.001 -14"><span class='ocrx_word' id='word_1_122' title='bbox 287 1902 594 1957; x_wconf 80' lang='lat' dir='ltr'><strong>Auxiliator</strong></span> <span class='ocrx_word' id='word_1_123' title='bbox 620 1901 810 1970; x_wconf 81' lang='lat' dir='ltr'><strong>adest,</strong></span> <span class='ocrx_word' id='word_1_124' title='bbox 841 1914 898 1956; x_wconf 89' lang='lat' dir='ltr'><strong>et</strong></span> <span class='ocrx_word' id='word_1_125' title='bbox 926 1899 1244 1956; x_wconf 84' lang='lat' dir='ltr'><strong>festinantia</strong></span> <span class='ocrx_word' id='word_1_126' title='bbox 1268 1899 1465 1956; x_wconf 90' lang='lat' dir='ltr'><strong>sistens</strong></span> 
     </span>
     <span class='ocr_line' id='line_1_21' title="bbox 281 1984 1568 2060; baseline -0.001 -18"><span class='ocrx_word' id='word_1_127' title='bbox 281 1988 451 2052; x_wconf 83' lang='lat' dir='ltr'><strong>Fata,</strong></span> <span class='ocrx_word' id='word_1_128' title='bbox 479 1986 764 2042; x_wconf 83' lang='lat' dir='ltr'><strong>salutifero</strong></span> <span class='ocrx_word' id='word_1_129' title='bbox 791 1984 937 2040; x_wconf 86' lang='lat' dir='ltr'><strong>mitis</strong></span> <span class='ocrx_word' id='word_1_130' title='bbox 962 1986 1116 2040; x_wconf 92' lang='lat' dir='ltr'><strong>Deus</strong></span> <span class='ocrx_word' id='word_1_131' title='bbox 1143 1986 1365 2041; x_wconf 86' lang='lat' dir='ltr'><strong>incubat</strong></span> <span class='ocrx_word' id='word_1_132' title='bbox 1384 1985 1568 2060; x_wconf 88' lang='lat' dir='ltr'><strong>angui.</strong></span> 
     </span>
     <span class='ocr_line' id='line_1_22' title="bbox 280 2068 1668 2144; baseline 0 -19"><span class='ocrx_word' id='word_1_133' title='bbox 280 2071 393 2125; x_wconf 87' lang='lat' dir='ltr'><strong>Hic</strong></span> <span class='ocrx_word' id='word_1_134' title='bbox 423 2090 655 2144; x_wconf 85' lang='lat' dir='ltr'><strong>puerum</strong></span> <span class='ocrx_word' id='word_1_135' title='bbox 685 2073 914 2143; x_wconf 78' lang='lat' dir='ltr'><strong>egregiae</strong></span> <span class='ocrx_word' id='word_1_136' title='bbox 936 2068 1262 2144; x_wconf 79' lang='lat' dir='ltr'><strong>praeclarum</strong></span> <span class='ocrx_word' id='word_1_137' title='bbox 1277 2070 1462 2125; x_wconf 85' lang='lat' dir='ltr'><strong>sidere</strong></span> <span class='ocrx_word' id='word_1_138' title='bbox 1481 2073 1668 2144; x_wconf 68' lang='lat' dir='ltr'><strong>t&#39;ormae</strong></span> 
     </span>
     <span class='ocr_line' id='line_1_23' title="bbox 278 2154 1568 2230; baseline -0.002 -19"><span class='ocrx_word' id='word_1_139' title='bbox 278 2155 463 2230; x_wconf 88' lang='lat' dir='ltr'><strong>Ipsius</strong></span> <span class='ocrx_word' id='word_1_140' title='bbox 486 2167 608 2209; x_wconf 83' lang='lat' dir='ltr'><strong>ante</strong></span> <span class='ocrx_word' id='word_1_141' title='bbox 634 2154 736 2208; x_wconf 83' lang='lat' dir='ltr'><strong>Dei</strong></span> <span class='ocrx_word' id='word_1_142' title='bbox 755 2154 1035 2209; x_wconf 85' lang='lat' dir='ltr'><strong>ludentem</strong></span> <span class='ocrx_word' id='word_1_143' title='bbox 1053 2155 1322 2229; x_wconf 75' lang='lat' dir='ltr'><strong>ccmspicit</strong></span> <span class='ocrx_word' id='word_1_144' title='bbox 1342 2176 1480 2210; x_wconf 81' lang='lat' dir='ltr'><strong>aras.</strong></span> <span class='ocrx_word' id='word_1_145' title='bbox 1563 2191 1568 2195; x_wconf 82' lang='lat'><strong>·</strong></span> 
     </span>
     <span class='ocr_line' id='line_1_24' title="bbox 279 2227 1570 2316; baseline -0.002 -19"><span class='ocrx_word' id='word_1_146' title='bbox 279 2245 368 2297; x_wconf 90' lang='lat' dir='ltr'><strong>Ac</strong></span> <span class='ocrx_word' id='word_1_147' title='bbox 388 2240 627 2316; x_wconf 85' lang='lat' dir='ltr'><strong>primum</strong></span> <span class='ocrx_word' id='word_1_148' title='bbox 656 2238 835 2293; x_wconf 86' lang='lat' dir='ltr'><strong>subita</strong></span> <span class='ocrx_word' id='word_1_149' title='bbox 856 2241 1084 2314; x_wconf 78' lang='lat' dir='ltr'><strong>paulum</strong></span> <span class='ocrx_word' id='word_1_150' title='bbox 1115 2242 1350 2316; x_wconf 84' lang='lat' dir='ltr'><strong>decepta</strong></span> <span class='ocrx_word' id='word_1_151' title='bbox 1371 2227 1570 2314; x_wconf 40' lang='lat' dir='ltr'><strong>&#39;figura</strong></span> 
     </span>
     <span class='ocr_line' id='line_1_25' title="bbox 275 2323 1551 2398; baseline -0.005 -15"><span class='ocrx_word' id='word_1_152' title='bbox 275 2331 548 2383; x_wconf 78' lang='lat' dir='ltr'><strong>Natorum</strong></span> <span class='ocrx_word' id='word_1_153' title='bbox 561 2325 642 2379; x_wconf 82' lang='lat' dir='ltr'><strong>de</strong></span> <span class='ocrx_word' id='word_1_154' title='bbox 668 2323 832 2398; x_wconf 70' lang='lat' dir='ltr'><strong>piebe</strong></span> <span class='ocrx_word' id='word_1_155' title='bbox 856 2336 1014 2398; x_wconf 86' lang='lat' dir='ltr'><strong>putat</strong></span> <span class='ocrx_word' id='word_1_156' title='bbox 1039 2342 1055 2378; x_wconf 74' lang='lat' dir='ltr'><em>z</em></span> <span class='ocrx_word' id='word_1_157' title='bbox 1079 2327 1178 2382; x_wconf 90' lang='lat' dir='ltr'><strong>sed</strong></span> <span class='ocrx_word' id='word_1_158' title='bbox 1197 2346 1315 2382; x_wconf 87' lang='lat' dir='ltr'><strong>non</strong></span> <span class='ocrx_word' id='word_1_159' title='bbox 1343 2324 1551 2381; x_wconf 83' lang='lat' dir='ltr'><strong>eratilli</strong></span> 
     </span>
     <span class='ocr_line' id='line_1_26' title="bbox 274 2406 1731 2484; baseline -0.001 -18"><span class='ocrx_word' id='word_1_160' title='bbox 274 2413 460 2469; x_wconf 87' lang='lat' dir='ltr'><strong>Arcus</strong></span> <span class='ocrx_word' id='word_1_161' title='bbox 479 2451 496 2479; x_wconf 88' lang='lat'>‚</span> <span class='ocrx_word' id='word_1_162' title='bbox 521 2421 577 2464; x_wconf 89' lang='lat' dir='ltr'><strong>et</strong></span> <span class='ocrx_word' id='word_1_163' title='bbox 605 2429 674 2470; x_wconf 78' lang='lat' dir='ltr'><strong>ex</strong></span> <span class='ocrx_word' id='word_1_164' title='bbox 702 2408 945 2463; x_wconf 80' lang='lat' dir='ltr'><strong>humeris</strong></span> <span class='ocrx_word' id='word_1_165' title='bbox 968 2408 1130 2465; x_wconf 79' lang='lat' dir='ltr'><strong>nullae</strong></span> <span class='ocrx_word' id='word_1_166' title='bbox 1150 2410 1486 2484; x_wconf 80' lang='lat' dir='ltr'><strong>fulgentibus</strong></span> <span class='ocrx_word' id='word_1_167' title='bbox 1507 2406 1731 2465; x_wconf 80' lang='lat' dir='ltr'><strong>umbrae.</strong></span> 
     </span>
     <span class='ocr_line' id='line_1_27' title="bbox 270 2494 1694 2570; baseline -0.001 -19"><span class='ocrx_word' id='word_1_168' title='bbox 270 2497 514 2552; x_wconf 78' lang='lat' dir='ltr'><strong>Miratur</strong></span> <span class='ocrx_word' id='word_1_169' title='bbox 534 2495 746 2569; x_wconf 82' lang='lat' dir='ltr'><strong>puerile</strong></span> <span class='ocrx_word' id='word_1_170' title='bbox 774 2494 978 2550; x_wconf 88' lang='lat' dir='ltr'><strong>decus:</strong></span> <span class='ocrx_word' id='word_1_171' title='bbox 1010 2496 1362 2570; x_wconf 78' lang='lat' dir='ltr'><strong>vultumque,</strong></span> <span class='ocrx_word' id='word_1_172' title='bbox 1395 2515 1694 2570; x_wconf 86' lang='lat' dir='ltr'><strong>comasque</strong></span> 
     </span>
     <span class='ocr_line' id='line_1_28' title="bbox 272 2580 1769 2655; baseline 0 -19"><span class='ocrx_word' id='word_1_173' title='bbox 272 2580 556 2655; x_wconf 81' lang='lat' dir='ltr'><strong>Aspiciens</strong></span> <span class='ocrx_word' id='word_1_174' title='bbox 581 2600 594 2635; x_wconf 71' lang='grc' dir='ltr'><strong><em>ε</em></strong></span> <span class='ocrx_word' id='word_1_175' title='bbox 630 2603 659 2630; x_wconf 88' lang='lat'>«</span> <span class='ocrx_word' id='word_1_176' title='bbox 682 2581 844 2633; x_wconf 84' lang='lat' dir='ltr'><strong>Tune</strong></span> <span class='ocrx_word' id='word_1_177' title='bbox 873 2580 1148 2634; x_wconf 87' lang='lat' dir='ltr'><strong>Ausonias</strong></span> <span class='ocrx_word' id='word_1_178' title='bbox 1166 2622 1182 2648; x_wconf 80' lang='grc'><em>,</em></span> <span class='ocrx_word' id='word_1_179' title='bbox 1214 2580 1288 2636; x_wconf 89' lang='lat' dir='ltr'><strong>ait</strong></span> <span class='ocrx_word' id='word_1_180' title='bbox 1306 2623 1322 2650; x_wconf 80' lang='lat'>‚</span> <span class='ocrx_word' id='word_1_181' title='bbox 1346 2580 1451 2636; x_wconf 88' lang='lat' dir='ltr'><strong>ibis</strong></span> <span class='ocrx_word' id='word_1_182' title='bbox 1474 2581 1546 2636; x_wconf 89' lang='lat' dir='ltr'><strong>ad</strong></span> <span class='ocrx_word' id='word_1_183' title='bbox 1574 2600 1729 2637; x_wconf 81' lang='lat' dir='ltr'><strong>arces</strong></span> <span class='ocrx_word' id='word_1_184' title='bbox 1750 2623 1769 2652; x_wconf 81' lang='lat'><strong><em>‚</em></strong></span> 
     </span>
     <span class='ocr_line' id='line_1_29' title="bbox 274 2664 1768 2741; baseline 0.002 -22"><span class='ocrx_word' id='word_1_185' title='bbox 274 2689 305 2719; x_wconf 85' lang='lat'>«</span> <span class='ocrx_word' id='word_1_186' title='bbox 333 2665 630 2740; x_wconf 78' lang='lat' dir='ltr'><strong>Neglectus</strong></span> <span class='ocrx_word' id='word_1_187' title='bbox 650 2664 899 2718; x_wconf 78' lang='lat' dir='ltr'><strong>Veneri?</strong></span> <span class='ocrx_word' id='word_1_188' title='bbox 926 2679 981 2718; x_wconf 87' lang='lat' dir='ltr'><strong>tu</strong></span> <span class='ocrx_word' id='word_1_189' title='bbox 1008 2665 1232 2720; x_wconf 84' lang='lat' dir='ltr'><strong>sordida</strong></span> <span class='ocrx_word' id='word_1_190' title='bbox 1261 2679 1405 2722; x_wconf 82' lang='lat' dir='ltr'><strong>tecta</strong></span> <span class='ocrx_word' id='word_1_191' title='bbox 1427 2708 1441 2730; x_wconf 83' lang='lat'>‚</span> <span class='ocrx_word' id='word_1_192' title='bbox 1469 2669 1768 2741; x_wconf 82' lang='lat' dir='ltr'><strong>jugumque</strong></span> 
     </span>
     <span class='ocr_line' id='line_1_30' title="bbox 273 2748 1710 2824; baseline -0.001 -20"><span class='ocrx_word' id='word_1_193' title='bbox 273 2774 304 2804; x_wconf 72' lang='grc' dir='ltr'><strong>α</strong></span> <span class='ocrx_word' id='word_1_194' title='bbox 331 2750 552 2806; x_wconf 86' lang='lat' dir='ltr'><strong>Servitii</strong></span> <span class='ocrx_word' id='word_1_195' title='bbox 578 2748 799 2822; x_wconf 79' lang='lat' dir='ltr'><strong>vulgare</strong></span> <span class='ocrx_word' id='word_1_196' title='bbox 823 2749 1009 2806; x_wconf 77' lang='lat' dir='ltr'><strong>feres?</strong></span> <span class='ocrx_word' id='word_1_197' title='bbox 1035 2751 1230 2824; x_wconf 57' lang='lat' dir='ltr'><strong>procul</strong></span> <span class='ocrx_word' id='word_1_198' title='bbox 1250 2750 1391 2806; x_wconf 84' lang='lat' dir='ltr'><strong>absit</strong></span> <span class='ocrx_word' id='word_1_199' title='bbox 1419 2773 1430 2804; x_wconf 71' lang='grc' dir='ltr'>ε</span> <span class='ocrx_word' id='word_1_200' title='bbox 1461 2772 1560 2822; x_wconf 83' lang='lat' dir='ltr'><strong>ego</strong></span> <span class='ocrx_word' id='word_1_201' title='bbox 1583 2750 1670 2804; x_wconf 85' lang='lat' dir='ltr'><strong>isti</strong></span> <span class='ocrx_word' id='word_1_202' title='bbox 1693 2791 1710 2819; x_wconf 85' lang='lat'>,</span> 
     </span>
     <span class='ocr_line' id='line_1_31' title="bbox 273 2835 1764 2910; baseline 0.002 -20"><span class='ocrx_word' id='word_1_203' title='bbox 273 2859 303 2890; x_wconf 79' lang='lat' dir='ltr'><strong>t&lt;</strong></span> <span class='ocrx_word' id='word_1_204' title='bbox 324 2841 503 2909; x_wconf 89' lang='lat' dir='ltr'><strong>Quem</strong></span> <span class='ocrx_word' id='word_1_205' title='bbox 530 2835 754 2901; x_wconf 82' lang='lat' dir='ltr'><strong>meruit,</strong></span> <span class='ocrx_word' id='word_1_206' title='bbox 778 2837 963 2889; x_wconf 80' lang='lat' dir='ltr'><strong>formae</strong></span> <span class='ocrx_word' id='word_1_207' title='bbox 988 2835 1274 2891; x_wconf 89' lang='lat' dir='ltr'><strong>dominum</strong></span> <span class='ocrx_word' id='word_1_208' title='bbox 1298 2836 1463 2891; x_wconf 75' lang='lat' dir='ltr'><strong>dabo,</strong></span> <span class='ocrx_word' id='word_1_209' title='bbox 1487 2838 1647 2896; x_wconf 88' lang='lat' dir='ltr'><strong>Vade</strong></span> <span class='ocrx_word' id='word_1_210' title='bbox 1664 2855 1764 2910; x_wconf 81' lang='lat' dir='ltr'><strong>age</strong></span> 
     </span>
     <span class='ocr_line' id='line_1_32' title="bbox 491 2939 747 2988; baseline 0 -16"><span class='ocrx_word' id='word_1_211' title='bbox 491 2939 713 2987; x_wconf 26' lang='lat' dir='ltr'><strong>mec-um</strong></span> <span class='ocrx_word' id='word_1_212' title='bbox 733 2960 747 2988; x_wconf 93' lang='lat'>‚</span> 
     </span>
     <span class='ocr_line' id='line_1_33' title="bbox 269 3003 1725 3082; baseline 0.003 -22"><span class='ocrx_word' id='word_1_213' title='bbox 269 3026 299 3060; x_wconf 77' lang='grc' dir='ltr'><strong>ιι</strong></span> <span class='ocrx_word' id='word_1_214' title='bbox 327 3003 490 3065; x_wconf 78' lang='lat' dir='ltr'><strong>vade</strong></span> <span class='ocrx_word' id='word_1_215' title='bbox 506 3043 523 3077; x_wconf 84' lang='lat'>,</span> <span class='ocrx_word' id='word_1_216' title='bbox 544 3025 683 3082; x_wconf 85' lang='lat' dir='ltr'><strong>puer</strong></span> <span class='ocrx_word' id='word_1_217' title='bbox 700 3023 717 3077; x_wconf 78' lang='lat'>3</span> <span class='ocrx_word' id='word_1_218' title='bbox 740 3005 944 3066; x_wconf 80' lang='lat' dir='ltr'><strong>ducam</strong></span> <span class='ocrx_word' id='word_1_219' title='bbox 961 3005 1176 3066; x_wconf 78' lang='lat' dir='ltr'><strong>volucri</strong></span> <span class='ocrx_word' id='word_1_220' title='bbox 1196 3025 1298 3082; x_wconf 85' lang='lat' dir='ltr'><strong>per</strong></span> <span class='ocrx_word' id='word_1_221' title='bbox 1317 3004 1503 3065; x_wconf 86' lang='lat' dir='ltr'><strong>sidera</strong></span> <span class='ocrx_word' id='word_1_222' title='bbox 1516 3025 1682 3066; x_wconf 85' lang='lat' dir='ltr'><strong>curru</strong></span> <span class='ocrx_word' id='word_1_223' title='bbox 1701 3048 1725 3075; x_wconf 90' lang='lat'><em>,</em></span> 
     </span>
    </p>
   </div>
  </div>
 </body>
</html>
