2079 3613
454 284 526 344 52
684 286 1121 349 THEBAmOS,
1173 288 1311 335 mn.
1365 289 1419 335 1.
1604 313 1614 320 -
1746 283 1778 340 5

204 378 211 379 7
266 386 423 441 Saeva
458 382 585 438 dies
616 381 818 450 animi,
846 380 1226 457 scelerumque
1257 382 1316 436 in
1344 393 1574 457 pectore
1601 382 1758 438 din-ae.

265 474 433 528 Tunc
459 488 674 526 vacuos
706 468 894 536 orbes,
924 468 1167 525 crudum
1191 487 1256 523 ac
1281 466 1593 523 miserabile
1622 470 1748 525 vitae

264 555 633 632 Supplicium
662 565 907 610 ostentat
935 554 1105 623 coele,
1134 553 1508 628 manibusque
1547 556 1785 611 cruentis

263 642 454 697 Pulsat
479 642 650 696 inane
679 640 859 695 solum
877 680 893 708 ,
922 659 1178 715 saevaque
1214 639 1293 705 ita
1321 658 1464 695 voce
1486 651 1746 713 precatur
1769 662 1780 693 ε

342 750 375 779 α
397 727 503 795 Di,
522 737 714 781 sontes
735 726 966 794 animas,
992 737 1337 800 angustaque
1356 726 1590 780 Tartara
1611 728 1787 801 ppenis

269 837 296 864 α
321 812 437 885 Qui
454 810 689 888 regitis.
714 822 885 885 tuque
905 810 1213 866 umbrifero
1231 812 1372 888 Styx
1389 809 1563 868 livida
1584 810 1785 881 funde,

265 922 294 949 α
318 902 509 970 Quam
525 895 719 963 viden,
741 895 1093 985 multumque
1112 893 1252 950 mihi
1272 907 1541 952 consueta
1559 894 1750 951 vocari
1766 936 1781 964 ,

268 1006 295 1033 κ
315 986 549 1049 Annue,
581 966 926 1056 Tisiphone,
949 999 1333 1056 perversaque
1352 991 1483 1036 vota
1504 978 1747 1036 secunda
1766 1020 1782 1049 ,

271 1090 298 1116 ι
319 1065 375 1120 si
401 1065 555 1121 bene
586 1064 725 1140 quid
752 1067 970 1135 merui,
1003 1065 1048 1120 si
1074 1084 1162 1119 me
1191 1064 1262 1119 de
1289 1077 1461 1120 matre
1488 1067 1786 1123 cadentem

271 1174 299 1203 κ
320 1151 535 1207 Fovisti
561 1151 801 1225 gremi0‚
832 1162 885 1206 et
907 1151 1204 1223 trajectum
1229 1148 1466 1205 vulnere
1494 1148 1716 1226 plantas

274 1260 298 1287 α
319 1236 625 1306 Firmasti;
652 1235 699 1291 si
724 1244 916 1312 stagna
942 1235 1061 1311 peti
1088 1235 1359 1311 Cyrrbaea
1386 1236 1610 1292 bicorni

272 1346 300 1373 «
322 1322 598 1378 Interfusa
629 1322 762 1397 jugo
791 1363 806 1390 ,
841 1341 1065 1397 possem
1096 1342 1222 1377 cum
1250 1321 1455 1397 degere
1486 1322 1625 1378 falso

276 1432 301 1458 u
327 1408 655 1464 Contentus
684 1406 902 1483 Polybo
919 1449 932 1473 ‚
956 1405 1263 1482 trifidaeque
1290 1407 1348 1462 in
1365 1405 1643 1463 Phocidos
1660 1424 1786 1462 arce

274 1517 301 1545 «
326 1495 674 1568 Longaevum
696 1490 947 1570 implicui
964 1512 1184 1568 regem,
1206 1493 1471 1568 secuique
1498 1491 1786 1547 trementis

275 1601 302 1631 κ
324 1581 436 1635 Ora
472 1579 624 1634 senis
645 1620 663 1648 ,
707 1579 838 1638 dum
882 1598 1071 1655 quaero
1108 1591 1371 1656 patrem3
1411 1576 1457 1632 si
1491 1575 1788 1655 Sphyngos

418 1664 634 1739 iniquae

280 1772 304 1799 α
329 1745 580 1806 Callidus
607 1747 904 1824 ambageS,
934 1761 989 1808 te
1018 1763 1521 1826 piaemonstrante,
1547 1748 1782 1809 resolvi:

283 1857 308 1884 α
330 1834 386 1890 Si
410 1833 606 1889 dulces
632 1834 840 1902 furias»,
869 1847 924 1891 et
946 1835 1303 1892 lamentabile
1326 1838 1524 1893 matris

284 1944 310 1972 α
334 1919 699 1975 Connubium
726 1919 947 1992 gavisus
980 1919 1064 1974 im
1080 1959 1096 1988 ,
1122 1936 1460 1995 noctemque
1487 1920 1788 1978 nefandam

281 2029 306 2057 α
327 2006 482 2080 Saepe
514 2006 655 2072 tuli,
680 2014 951 2077 natosque
976 2001 1112 2073 tibi,
1143 2004 1253 2059 scis
1276 2004 1430 2080 ipsa,
1455 2005 1685 2088 paravi:

282 2114 306 2142 α
329 2093 464 2148 Mox
491 2091 696 2147 avidus
720 2106 896 2165 poenae
921 2087 1109 2163 digitis
1133 2088 1464 2147 cedentibus
1486 2089 1640 2148 ultro

283 2199 308 2228 α
328 2175 603 2246 Incubui,
630 2176 944 2249 miseraque
969 2174 1201 2233 oculos
1185 2196 1244 2230 m
1269 2190 1447 2233 matre
1475 2175 1704 2253 reliqui3

226 2276 231 2284 ’
281 2286 307 2314 ιι
326 2261 579 2332 Exaudi,
610 2262 657 2317 si
681 2260 849 2336 digna
875 2280 1109 2338 precor,
1138 2282 1374 2339 quaeque
1396 2264 1517 2340 ipsa
1537 2266 1748 2321 furenti

283 2371 307 2398 u
333 2346 679 2422 subjiceres:
711 2346 906 2403 orbum
931 2347 1079 2416 visu,
1107 2349 1400 2425 regnisque
1428 2361 1713 2406 carentem

279 2453 308 2482 α
334 2432 461 2486 Non
504 2451 703 2507 regere
725 2473 741 2502 ,
787 2443 884 2489 aut
925 2433 1090 2489 dictis
1125 2446 1459 2491 moerentem
1501 2433 1723 2490 flectere

433 2515 614 2573 adorti
1758 2527 1762 2534 ’

287 2625 314 2650 κ
336 2603 492 2674 Quos
529 2604 726 2678 genui,
770 2624 1107 2681 quocunque
1150 2618 1296 2662 toro.
1340 2602 1492 2678 Quin
1533 2621 1667 2658 ecce

424 2687 659 2761 superbi
674 2732 694 2756 ,

278 2792 305 2821 α
327 2770 472 2827 Proh
491 2771 683 2829 dolor!
712 2777 783 2830 Et
805 2787 997 2832 nostio
1016 2771 1347 2873 jamdudum
1369 2773 1565 2829 sunere
1584 2790 1778 2848 regeS,

279 2879 303 2910 α
327 2857 607 2915 Insultant
626 2854 906 2929 tenebriS‚
928 2862 1269 2936 gemitusque
1291 2858 1462 2916 odele
1483 2872 1771 2936 pater-nos

282 2967 304 2994 «
326 2947 503 3001 Hisne
524 2951 692 3004 etiam
711 2950 965 3005 funestus
986 2968 1090 3023 ego
1109 2992 1122 3004 .
1105 2947 1204 3004 Ῥεῖ
1229 2946 1382 3004 videt
1407 2948 1510 3003 isla
1530 2953 1774 3004 Deorum

281 3051 307 3080 t<
330 3031 571 3105 Ignavus
593 3030 844 3108 genitor?
864 3034 953 3092 Tu
977 3032 1173 3091 saltem
1199 3032 1383 3091 debita
1411 3034 1621 3092 vindex
