2079 3613
350 275 478 339 380
620 295 1254 361 THEBAlnossmss.
1305 298 1445 346 ΧΗ.
1559 296 1668 372 679

347 388 652 447 Admovet.
682 393 876 446 Ambae
901 391 1108 448 hilares
1125 434 1141 462 ‚
1173 405 1227 448 et
1252 391 1446 448 mortis
1473 412 1663 450 amore

360 534 365 541 ³
563 468 817 550 superbae

344 546 580 614 Ensibus
603 561 878 618 intentant
903 562 1123 638 jugulos
1143 605 1159 633 ‚
1189 582 1492 640 regemque
1520 577 1818 621 cruentum

342 639 708 716 Despiciunt;
737 666 862 702 cum
892 647 1041 704 dicta
1064 650 1246 704 serens
1274 647 1511 704 Theseia
1534 647 1807 724 Phlegeus

344 724 558 783 Astitit.
590 728 692 785 Ille
722 730 950 806 quidem
974 733 1143 787 ramis
1168 732 1401 788 insontis
1428 730 1589 790 Olivae

340 808 615 868 Pacificus
633 856 648 883 ,
674 815 774 870 sed
799 816 947 872 bella
969 819 1112 888 ciet,
1143 817 1463 894 bellumque
1502 821 1749 874 minatur
1767 862 1783 887 ,

341 896 568 954 Grande
585 899 828 956 fremens
847 943 862 973 ‚
890 893 1232 980 nimiumque
1251 925 1462 961 memor
1481 905 1794 961 mandantis
1824 927 1839 962 :

597 984 851 1059 etipsum

341 1077 466 1130 Jam
490 1097 670 1155 prope
691 1123 706 1147 ‚
737 1083 849 1155 jam
875 1083 1090 1141 medios
1114 1087 1335 1162 operire
1362 1087 1691 1144 cohortibus

565 1185 725 1240 agros

320 1256 712 1331 *Ingeminans
739 1262 898 1320 Stetit
927 1265 1184 1343 ambiguo
1211 1269 1514 1328 Thebanus
1534 1271 1591 1326 in
1615 1284 1752 1327 aestu

339 1344 616 1399 Curafum
634 1388 650 1415 ‚
678 1361 992 1426 nutantque
1012 1353 1203 1422 minae,
1226 1367 1283 1409 et
1302 1355 1461 1431 prior
1477 1356 1558 1412 ira
1574 1356 1833 1434 tepescit.

338 1430 504 1486 Tunc
528 1431 714 1490 firmat
741 1428 861 1493 sese
885 1477 900 1507 ,
930 1437 1237 1516 fictumque
1264 1460 1329 1496 ac
1346 1441 1502 1499 triste
1525 1466 1532 1469 “

553 1521 819 1578 renidens
843 1542 858 1593 ;

413 1641 441 1670 «
461 1618 711 1675 Parvane
734 1624 1029 1697 prostratis
1047 1665 1063 1695 ,
1093 1626 1309 1703 inquit,
1331 1626 1660 1686 documenta

549 1706 818 1781 Mycaenis
1363 1710 1378 1723 ⁹

337 1823 368 1854 κ
388 1799 725 1861 Sanxirnus'?
747 1826 819 1862 en
838 1808 1039 1866 iterum
1058 1854 1074 1881 ‚
1103 1812 1204 1888 qui
1228 1813 1427 1870 moenia
1446 1826 1636 1873 nostra

550 1890 859 1965 lacessant,

331 2004 359 2036 α
384 1986 755 2064 Accepimus!
783 1992 1027 2049 Veniant
1057 2012 1071 2049 t
1101 1973 1201 2050 sed
1218 2015 1285 2051 ne
1308 2009 1437 2073 post
1461 1995 1608 2053 bella

555 2087 864 2147 querantur
888 2120 906 2146 ,

330 2188 360 2219 «ε
381 2145 502 2222 Lex
522 2167 713 2225 eadem
734 2170 913 2229 victis,
947 2196 976 2226 »
1003 2173 1190 2231 Dixit:
1221 2175 1321 2232 sed
1335 2176 1568 2253 pulvere
1597 2196 1784 2237 crasso

328 2250 586 2328 Caligare
602 2253 748 2309 diem
767 2298 782 2326 ‚
814 2268 870 2312 et
895 2259 1106 2335 Tyrios
1132 2263 1258 2337 juga
1284 2261 1528 2340 perdere
1551 2276 1769 2321 montes

331 2335 562 2412 Aspicit.
582 2342 794 2397 Armari
811 2344 1054 2420 populos
1071 2359 1259 2422 tamen
1273 2390 1287 2416 ‚
1307 2368 1567 2423 armaque
1589 2349 1718 2404 ferri

324 2424 458 2500 Ipse
483 2425 641 2500 jubet
666 2428 919 2505 pallens3
941 2431 1248 2508 mediaeque
1275 2432 1334 2486 in
1360 2431 1585 2489 sedibus
1603 2432 1741 2491 aulae

322 2509 664 2569 Eumenidas
690 2513 898 2572 subitas
919 2560 936 2585 ,
961 2517 1295 2593 flentemque
1324 2522 1617 2574 Menoecea
1643 2520 1830 2577 cernit

331 2594 650 2668 Turbidus3
679 2599 1079 2678 impositosque
1107 2604 1256 2680 rogis
1279 2602 1518 2682 gaudere
1544 2604 1825 2682 Pelasgos.

397 2683 536 2756 Quis
561 2684 663 2741 suit
685 2685 774 2741 ille
801 2686 960 2746 dies?
991 2701 1148 2744 tanto
1170 2709 1296 2744 cum
1319 2689 1581 2766 sanguine
1608 2690 1822 2749 Thebis

320 2769 435 2825 Pax
450 2766 682 2826 'inventa
703 2773 892 2848 perit?
913 2775 1113 2849 patriis
1140 2776 1309 2831 modo
1330 2776 1440 2832 fixa
1466 2777 1750 2835 revellunt

250 2861 267 2878 ³
323 2854 498 2910 Arma
513 2855 650 2916 Deis
668 2898 682 2925 ‚
715 2856 1043 2936 clypeisque
1072 2861 1364 2918 obducunt
1388 2875 1625 2940 pectora

525 2940 727 2996 'fractis
743 2984 758 3010 ‚

327 3034 400 3089 Et
418 3034 600 3111 galeas
620 3036 853 3097 humiles
871 3080 887 3113 ²
917 3053 975 3098 et
989 3040 1176 3100 adhuc
1191 3042 1474 3102 sordentia
1490 3044 1621 3105 tabo
