2079 3613
442 323 549 378 218
643 306 1092 382 ΤΗΕΒΑῙΒοε,
1148 320 1288 368 ΗΒ.
1344 318 1487 368 x11.
1633 310 1754 373 ὅθι
1821 324 1824 327 ·

269 438 299 472 κ
320 419 473 476 Mors
492 438 798 496 nusquam,
824 436 1113 496 saevusque
1136 416 1344 473 Creon.
1369 416 1627 472 Hortaris

488 517 713 562 euntem
733 547 746 573 ,

267 612 296 641 κ
319 589 539 648 Omite.
564 613 589 643 n
616 590 708 647 Sic
736 587 934 646 dicens
950 608 1190 665 ,magno
1216 584 1498 663 Megareia
1517 601 1773 680 praeceps

260 677 415 731 Arva
433 676 584 752 rapit
604 692 810 752 passu:
843 674 1187 730 demonstrat
1207 672 1466 749 proxima
1494 668 1744 746 quisquis

259 757 510 831 ObviuS,
540 760 927 834 horrescitque
950 758 1200 828 babituS,
1229 758 1606 832 miseramque

296 857 303 865 '
486 858 736 902 veretur.
986 856 993 863 ‘

261 925 433 984 Vadit
454 940 616 985 atrox
644 928 788 997 visu,
816 946 920 982 nec
950 926 1122 983 corde
1141 968 1159 994 ,
1186 948 1288 984 nec
1315 947 1412 984 ore
1435 946 1769 1004 pavescenS,

266 1015 340 1070 Et
364 1011 553 1069 nimiis
584 1011 791 1068 confisa
818 1009 976 1065 malis
993 1052 1009 1079 ,
1037 1012 1386 1086 propiorque
1414 1013 1618 1068 timeri.

260 1104 445 1157 Nocte
467 1098 623 1157 velut
643 1096 883 1175 Phrygia
902 1138 920 1167 ,
945 1116 1073 1152 cum
1096 1095 1400 1153 lamentata
1426 1099 1695 1157 resultant

262 1181 545 1261 Dindyma
568 1226 584 1254 ,
605 1181 848 1261 pinigeri
871 1181 1089 1258 rapitur
1118 1180 1417 1238 Simoentis
1439 1182 1511 1237 ad
1538 1203 1754 1240 amnem

263 1269 393 1324 Dux
422 1289 629 1326 vesana
650 1266 841 1339 chori,
874 1268 1032 1342 cujus
1060 1273 1182 1324 Dea
1200 1311 1217 1334 ,
1245 1265 1515 1343 sanguine
1541 1268 1692 1324 lecto
1712 1306 1729 1338 ,

257 1354 393 1431 Ipsa
421 1354 578 1412 dedit
606 1357 845 1423 ferrum,
876 1366 936 1410 et
962 1353 1165 1412 vittata
1193 1354 1377 1411 sronte
1405 1353 1641 1410 notavit.

337 1441 377 1498 J
379 1460 467 1495 am
492 1453 657 1516 pater
681 1440 964 1517 Hesperio
989 1439 1320 1515 flagrantem
1345 1438 1567 1515 gurgite

476 1544 703 1583 currum

264 1607 580 1667 Abdiderat
606 1611 775 1668 Titan
790 1653 806 1682 ,
839 1610 962 1668 aliis
987 1609 1268 1667 rediturus
1290 1610 1359 1666 ab
1376 1609 1541 1667 undis
1556 1651 1573 1678 ,

266 1695 411 1751 Cum
426 1708 611 1757 tamen
638 1695 733 1751 illa
751 1737 768 1766 ,
798 1716 1022 1772 gravem
1046 1695 1208 1754 luctu
1229 1693 1458 1752 fallente
1483 1694 1765 1768 laborem,

266 1779 458 1838 Nescit
482 1779 856 1837 abisse-diem.
888 1785 1009 1836 Nec
1035 1779 1404 1855 caligantibus
1431 1781 1575 1839 arvis

265 1867 562 1937 Terretur,
591 1884 702 1920 nec
729 1865 935 1939 frangit
957 1864 1065 1921 iter
1090 1881 1104 1917 τ
1133 1883 1348 1940 perque
1375 1863 1524 1921 invia
1543 1875 1709 1934 saxa‘,

268 1952 656 2028 Lapsurasque
678 1949 888 2019 trabes,
917 1968 1325 2025 nemorumque
1352 1957 1557 2005 arcana
1576 1969 1773 2008 sereno

270 2037 442 2112 Nigra
467 2037 590 2105 die,
618 2036 889 2113 caecisque
910 2036 1088 2092 incisa
1113 2035 1335 2093 novalia
1355 2034 1517 2092 fossis
1544 2078 1562 2107 ‚

269 2123 375 2179 Per
400 2124 598 2182 fluvios
623 2143 819 2181 secura
850 2120 1039 2195 vadit,
1067 2140 1408 2199 somnosque
1430 2123 1677 2180 ferarum

270 2207 508 2277 Praeter,
535 2221 590 2265 et
608 2196 937 2266 horrendis
920 2228 1128 2265 msessa
1149 2207 1352 2265 cubilia
1376 2207 1660 2264 monstris.

270 2293 519 2351 Tantum
543 2295 742 2364 animi,
767 2291 1065 2371 luctusque
1086 2294 1300 2355 valent!
1322 2292 1532 2351 Pudet
1514 2314 1598 2350 ire

489 2379 769 2436 Menoeten

274 2460 547 2531 Tardius,
574 2462 944 2538 invalidaeque
970 2463 1205 2539 gradum
1230 2464 1466 2521 miratur
1488 2457 1736 2521 alumnae.

271 2547 425 2619 Quas
444 2565 558 2602 non
577 2546 680 2604 illa
698 2547 893 2605 domos
918 2566 1305 2626 pecorumque
1339 2550 1742 2626 hominumque

495 2630 752 2688 modesto

275 2713 518 2773 Pulsavit
542 2715 756 2791 gemitu
772 2714 800 2772 ’.Ρ
823 2715 1046 2793 quoties
1066 2718 1295 2776 amissus
1323 2718 1479 2776 eunti

275 2800 492 2871 LimeS,
524 2812 582 2857 et
621 2814 901 2859 errantem
926 2802 1144 2860 comitis
1168 2803 1365 2861 solatia
1389 2804 1620 2864 flammae

274 2886 602 2944 Destituunt
618 2928 634 2958 ,
660 2887 968 2965 gelidaeque
984 2889 1164 2947 facem
1187 2890 1379 2948 vicere
1406 2890 1689 2949 tenebrae?

273 2971 510 3047 Jamque
527 2973 861 3049 supinantur
885 2973 1041 3032 fessis
1052 3017 1068 3045 ‚
1094 2974 1317 3051 lateque
1332 2973 1604 3034 fatiscunt

276 3045 516 3114 Penthei
537 3058 794 3118 devexa
777 3060 936 3140 jugi,
965 3080 1094 3119 cum
1111 3075 1345 3143 pectore
1372 3062 1580 3121 anhelo

353 3146 641 3208 errws.
1212 3175 1219 3182 ·
1412 3152 1481 3210 16
