2079 3613
458 272 561 345 ¹59
661 267 1103 330 THEBAIDOS,
1157 270 1300 318 mn.
1350 272 1488 321 ΧΠ.
1589 263 1760 344 '359

273 362 401 418 Non
426 383 583 421 secus
605 363 810 419 afflavit
830 360 1024 419 molles
1043 361 1333 438 siquando
1360 363 1627 438 juvenca:

269 448 508 524 Tigridis
529 451 788 505 Hircanae
812 449 1062 524 jejunum
1080 468 1360 519 murmur,
1385 460 1441 506 et
1463 450 1586 526 ipse

180 550 185 559 '
266 533 477 591 Auditu
504 536 760 592 turbatus
786 553 938 610 ager.
970 534 1164 589 Timor
1187 533 1444 589 omnibus
1468 533 1662 609 ingens
1683 577 1699 607 ,

262 621 397 691 Quae
420 619 672 696 placeat,
704 637 845 696 quos
870 615 963 674 illa
984 618 1158 674 fames
1183 617 1496 674 descendat
1516 617 1577 675 in

481 724 684 761 armos·

306 789 615 847 ·Continuo
645 790 859 846 discors
882 788 1041 846 vario
1068 788 1348 857 sententia
1372 801 1530 846 motu

255 872 538 932 Scinditur
566 897 578 933 :
606 874 696 931 his
714 873 936 931 Thebas
955 864 1389 950 ‚⁴'tumidumque
1417 873 1628 933 ambire

478 963 721 1017 Creonta
741 999 757 1027 ‚

253 1045 357 1100 His
384 1037 571 1120 placet
586 1049 775 1099 Actaeae
799 1042 843 1097 si
871 1040 1009 1117 quid
1028 1041 1327 1097 clementia
1354 1042 1533 1115 gentis

248 1131 501 1186 Annuat.
532 1131 855 1185 Extremum
878 1146 1136 1184 curarum
1155 1168 1172 1195 ‚
1202 1146 1269 1181 ac
1297 1139 1462 1201 turpe
1480 1127 1703 1182 reverti.

322 1214 430 1268 Hic
456 1235 570 1270 non
594 1214 849 1270 femineae
867 1211 1111 1269 subitum
1133 1210 1356 1267 virtutis
1380 1207 1655 1266 honorem

249 1292 477 1375 Colligit
505 1301 707 1376 Argia,
740 1317 991 1375 sexuque
1016 1296 1258 1351 immane
1288 1293 1514 1362 relict0,

245 1386 483 1441 Tractat
504 1406 664 1463 opus,
697 1386 880 1443 Placet
909 1383 1115 1459 egregii
1146 1401 1274 1459 spes
1302 1380 1440 1437 dura
1465 1379 1666 1458 pericli

243 1471 511 1547 Cominus
530 1470 741 1529 infandi
766 1472 913 1547 leges
939 1467 1207 1526 accedere
1235 1467 1410 1543 regni.

243 1558 369 1631 Quo
394 1557 704 1634 Rhodopes
729 1579 841 1615 non
867 1555 980 1614 ulla
1001 1575 1174 1611 nurus
1190 1595 1207 1625 ,
1235 1574 1338 1610 nec
1367 1551 1591 1610 alumna

459 1642 640 1702 nivosi
995 1694 999 1699 .

236 1724 484 1783 Phasidis
507 1768 526 1797 ,
547 1728 799 1802 innuptis
816 1726 1023 1783 vallata
1050 1722 1374 1780 cohortibus
1393 1723 1522 1782 iret.

237 1812 396 1869 Tunc
422 1824 606 1894 movet
633 1824 751 1866 arte
768 1810 985 1881 dolum,
1013 1828 1126 1884 quo
1144 1820 1323 1864 semet-
1348 1809 1418 1864 ab
1436 1812 1657 1887 agmine

454 1895 573 1955 fido
1026 1968 1032 1975 ι

230 1984 497 2061 Segreget
512 2024 528 2053 ‚
556 1981 909 2059 immitesque
928 1982 1116 2049 Deos,
1143 1997 1450 2055 regemque

459 2080 750 2125 cruentum
769 2108 785 2137 ‚

234 2156 630 2235 Contemptrix
648 2157 870 2223 animae,
898 2167 951 2211 et
983 2173 1188 2231 magno
1208 2152 1496 2209 temeraria
1518 2152 1678 2213 luctu

228 2244 527 2299 Provocet.
556 2245 870 2300 Hortamur
892 2240 1104 2318 pieta3‚
1136 2239 1406 2316 ignesque
1433 2241 1649 2318 pudici.

231 2331 260 2384 I
266 2347 361 2404 pse
382 2329 550 2385 etiam
576 2342 703 2384 ante
732 2325 918 2384 oculos
943 2326 1096 2382 omni
1121 2326 1444 2382 manifestus
1464 2325 1534 2382 ab
1553 2340 1686 2383 actu
1707 2369 1723 2399 ‚

228 2419 393 2470 Nunc
418 2413 624 2490 hospes
651 2413 865 2469 miserae
883 2454 897 2482 ,
925 2412 1137 2488 primas
1162 2431 1308 2467 nunc
1330 2429 1566 2486 sponsus
1579 2410 1654 2467 ad

453 2518 579 2553 aras
605 2539 622 2567 ,
1625 2516 1632 2520 ·

231 2583 399 2640 Nunc
426 2581 576 2637 mitis
605 2584 807 2658 conjux
834 2602 847 2638 ε
880 2601 1028 2638 nunc
1054 2582 1164 2655 jam
1191 2579 1293 2635 sub
1323 2577 1539 2636 casside
1564 2592 1725 2638 torva

225 2673 460 2728 Moestus
485 2669 540 2724 in
569 2669 827 2748 amplexu
847 2710 864 2740 ,
891 2668 1240 2743 multumque
1271 2687 1301 2721 a
1326 2665 1517 2721 limine
1767 2665 1788 2671 “

446 2775 660 2811 summo

226 2840 562 2917 Respiciens,
590 2839 701 2899 Sed
728 2840 878 2897 nulla
901 2838 1084 2897 animo
1114 2836 1449 2894 obversatur
1472 2837 1657 2915 imago

228 2927 525 2996 Crebrior‚
549 2926 718 2983 Aonii
748 2947 915 3002 quam
942 2946 1065 3001 quae
1090 2925 1164 2980 de
1186 2922 1454 2999 sanguine
1483 2924 1670 3001 campi

226 3012 390 3070 Nuda
416 3014 597 3083 venit,
626 3012 925 3090 poscitque
951 3029 1133 3087 rogos.
1156 3007 1259 3065 His
1282 3006 1444 3067 anxia
1470 3022 1722 3067 mentem
