2079 3613
437 324 543 385 722
682 285 1125 371 rnEnAmOS,
1177 309 1324 359 mn.
1375 310 1453 359 v.
1601 377 1608 386 ἢ
1677 301 1799 375 143

301 403 589 481 Diripiunt
614 404 840 475 flentes,
871 402 1199 481 alternaque
1221 416 1457 483 pectora
1479 416 1718 468 mutant.

375 501 478 558 Illa
495 543 511 572 ,
542 503 696 559 velut
720 521 893 578 rupes
918 502 1152 559 immoto
1180 522 1348 560 saxea
1374 503 1532 574 visu,

309 583 525 656 Haeret‚
554 598 612 644 et
643 587 890 664 expertis
920 608 1038 644 non
1068 589 1240 646 audet
1270 589 1504 646 credere
1529 587 1710 646 Divis.

302 673 378 726 Ut
414 690 546 728 vero
580 684 637 728 et
665 672 849 730 vultus
873 714 891 743 ,
924 684 980 730 et
1012 672 1170 748 signa
1202 675 1391 749 Argoa
1417 672 1627 732 relictis

303 755 541 813 Ensibus
555 799 573 828 ,
595 770 766 834 atque
778 757 1022 815 humeris
1037 759 1329 815 amborum
1343 759 1588 817 intextus
1603 762 1800 833 Iason,

299 840 604 899 Cesserunt
626 841 841 914 luctum,
867 843 1202 919 turbataque
1227 863 1460 899 munere
1485 854 1648 902 tanto

299 924 560 995 Corruit,
587 939 754 1001 atque
776 926 887 984 alio
911 926 1253 985 maduerunt
1274 927 1485 982 lumina
1504 928 1656 986 fletu.
1689 925 1700 932 ⁸

295 1006 499 1064 Addita
525 1010 682 1084 signa
708 1010 872 1085 p0103
905 1013 1146 1086 laetoque
1170 1011 1420 1069 ululante
1453 1013 1726 1083 tumultu,

297 1095 591 1169 Tergaque
616 1108 672 1151 et
699 1114 806 1150 aera
823 1097 929 1150 Dei
948 1089 1128 1151 motas
1152 1114 1420 1171 crepuere
1447 1115 1554 1170 per
1574 1117 1765 1157 auras·

294 1178 465 1232 Tunc
500 1179 624 1254 pius
655 1177 882 1236 Ocl‘ides
902 1221 917 1249 ‚
956 1191 1018 1235 ut
1043 1178 1228 1254 prima
1260 1178 1477 1235 silentia
1504 1181 1660 1255 vulgi

292 1260 522 1319 Mollior
545 1264 626 1320 ira
653 1263 807 1321 dedit
824 1304 841 1334 ‚
867 1259 1235 1342 placidasque
1257 1263 1492 1340 accessit
1510 1263 1583 1321 ad
1605 1282 1798 1322 aures:

372 1382 400 1410 «
424 1358 624 1415 Audite
643 1402 659 1430 ,
681 1378 715 1414 o
743 1356 947 1415 ductor
965 1362 1190 1417 Nemeae
1205 1401 1222 1431 ‚
1256 1358 1509 1436 lectique
1537 1371 1804 1436 potentes

297 1468 331 1495 α
351 1444 678 1515 Inachidae,
709 1466 831 1523 quae
856 1458 1041 1501 certus
1063 1445 1150 1520 agi
1174 1444 1490 1502 manifestat
1514 1443 1741 1522 Apollo!

299 1552 330 1581 α
353 1531 469 1587 Iste
501 1530 733 1606 quidem
766 1529 1049 1605 Argolicis
1080 1529 1235 1586 haud
1266 1528 1397 1584 olim
1426 1527 1710 1585 indebitus

543 1634 708 1671 al'mls

300 1727 335 1755 α
353 1702 562 1758 Luctus
583 1700 741 1757 adest
758 1720 778 1760 ;:
808 1714 961 1758 recte
987 1699 1340 1757 descendunt
1359 1699 1534 1755 limite
1554 1698 1759 1757 Parcae.

302 1813 334 1840 α
355 1792 424 1844 Et
450 1787 568 1844 sitis
590 1786 823 1842 interitu
847 1786 1146 1844 fluviorum
1163 1829 1179 1856 ‚
1211 1797 1265 1842 et
1290 1784 1478 1842 letifer
1503 1785 1730 1860 anguis,

301 1900 334 1925 a
354 1876 421 1929 Et
443 1892 618 1948 puer,
644 1869 762 1926 heu
780 1870 956 1925 nostri
981 1870 1227 1943 signatus
1253 1869 1477 1924 nomine
1505 1869 1606 1922 fati
1626 1909 1643 1936 ,

305 1983 337 2009 «ι
358 1953 760 2014 Archemorus!
793 1965 995 2010 cuncta
1024 1954 1144 2011 haec
1176 1954 1459 2028 Superum
1490 1949 1730 2009 demissa

521 2059 785 2116 suprema

306 2166 334 2195 «
356 2141 546 2196 Mente
571 2138 767 2193 fluunt.
796 2136 1029 2194 Differte
1057 2135 1303 2206 animm,
1338 2134 1657 2211 festinaque
1687 2136 1800 2192 tela

200 2260 209 2261 ff
303 2251 332 2280 «
353 2224 568 2281 Ponite.
596 2222 872 2279 Mansuris
898 2223 1190 2280 donandus
1212 2221 1518 2278 honoribus
1541 2221 1721 2278 infans
1743 2240 1759 2293 ς

301 2336 330 2365 «
354 2313 423 2366 Et
447 2311 667 2365 meruit.
690 2311 800 2364 Det
825 2307 1066 2383 pulchra
1092 2307 1203 2366 suis
1224 2306 1490 2363 libamina
1511 2306 1689 2365 virtus

301 2421 330 2450 ι(
352 2394 609 2451 Manibus
626 2434 641 2462 ,
673 2406 840 2468 atque
869 2394 1085 2448 utinam
1106 2392 1298 2470 plures
1321 2391 1613 2450 innectere

511 2495 745 2548 pergaS‚

307 2567 597 2636 «Phoebe,
636 2587 853 2637 moraS,
897 2588 1225 2644 semperque
1261 2570 1423 2626 novis
1455 2569 1662 2624 bellare

518 2662 770 2709 vetemur

305 2775 335 2805 «
356 2751 590 2808 Casibus
608 2792 623 2820 ,
655 2763 711 2807 et
738 2769 960 2826 semper
986 2748 1183 2805 Thebe
1210 2748 1428 2804 funesta
1454 2747 1680 2805 recedat
1707 2755 1720 2804 Ξ

305 2865 334 2896 ‹<
355 2845 431 2899 At
459 2863 557 2900 vos
577 2888 593 2910 ,
619 2862 946 2918 magnorum
974 2840 1304 2916 transgressi
1327 2840 1440 2895 fata
1465 2854 1755 2915 parentum
1774 2885 1793 2916 ,

307 2960 336 2990 «
359 2937 592 3003 Felices,
610 2938 832 3012 longum
853 2935 1057 3012 quibus
1072 2936 1204 2991 hine
1222 2955 1330 3012 per
1347 2933 1541 2990 saecula
1560 2955 1761 2993 nomen
1778 2980 1794 3009 ‚

305 3050 335 3081 α
358 3033 507 3086 Dum
526 3033 757 3089 Lernaea
771 3030 932 3107 palus
947 3070 963 3102 ‚
986 3041 1042 3088 et
1061 3027 1194 3086 dum
1215 3038 1376 3104 pater
1401 3025 1641 3087 Inachus
1659 3028 1792 3100 ibit,
