2079 3613
502 269 612 347 675
751 269 1188 334 THEBAIDOS,
1243 273 1384 321 ΠΒ.
1436 268 1520 319 11.
1786 258 1864 322 53

361 368 443 425 Ut
457 369 583 438 leo,
613 365 745 441 qui,
777 364 990 439 campis
1014 366 1179 441 longe
1210 368 1439 423 custode
1467 367 1659 442 fugato
1679 407 1696 435 ‚

357 453 632 531 Massylas
658 451 923 527 depastus
949 470 1115 520 oveS,
1141 450 1238 507 ubi
1265 451 1526 525 sanguine
1554 450 1731 507 multo

357 537 664 594 Luxuriata
688 539 864 595 fames
879 577 896 607 .,
927 536 1228 613 cervixque
1246 578 1261 606 ,
1288 547 1342 592 et
1366 534 1499 594 tabe
1518 548 1759 611 gravatas

361 622 682 681 Consedere
701 622 873 698 jubae‚
898 623 1096 680 mediis
1118 622 1178 680 in
1206 622 1450 681 caedibus
1475 621 1658 679 adstat

359 712 562 786 AEger,
588 707 779 777 hians,
807 708 1104 787 victusque
1132 708 1270 767 cibis
1299 726 1313 762 z
1350 728 1456 766 nec
1490 709 1604 783 jam
1628 704 1871 782 amplius

504 815 601 851 Jrae

361 879 753 938 Crudeseuntz
781 894 997 939 tantum
1017 881 1209 940 vacuis
1232 881 1362 939 ferit
1386 901 1521 939 aera
1543 880 1704 939 malis
1722 920 1740 949 ‚

314 958 317 959 ⁷
358 965 670 1043 Molliaque
697 971 878 1043 ejecta
907 968 1177 1025 delambit
1202 965 1410 1024 vellera
1436 965 1645 1042 lingua.

358 1049 451 1107 llle
476 1051 646 1106 etiam
667 1053 898 1107 Thebas
921 1053 1146 1127 spoliis,
1172 1063 1226 1107 et
1252 1051 1517 1124 sanguine
1543 1051 1748 1127 plenus

361 1136 532 1203 Isset,
554 1147 609 1192 et
632 1135 885 1191 attonitis
908 1155 1028 1192 sese
1048 1177 1065 1205 ‚
1092 1135 1420 1212 populoque
1436 1176 1453 1204 .,
1486 1135 1728 1211 ducique

359 1223 706 1278 ostentasset
730 1242 905 1279 ovans
922 1264 937 1292 ‚
965 1223 1024 1278 ni
1050 1234 1111 1278 tu
1128 1264 1145 1293 .,
1171 1221 1424 1277 Tritonia
1451 1220 1638 1298 virge,

357 1306 406 1362 F
408 1309 733 1384 flagrantem,
757 1309 1049 1384 multaque
1078 1307 1265 1385 operis
1289 1306 1521 1384 ealigine
1544 1305 1779 1381 plenum

361 1394 609 1453 Consilio
632 1394 862 1472 dignata
886 1399 1104 1455 virum:
1141 1396 1309 1450 «Sate
1335 1405 1499 1470 gente
1526 1391 1758 1468 superbi

363 1504 393 1533 κ
413 1481 639 1537 OEneos
655 1522 671 1552 ‚
704 1481 965 1537 absentes
989 1481 1081 1537 cui
1108 1480 1323 1537 dudum
1345 1479 1579 1538 vincere
1603 1477 1832 1535 Thebas

361 1590 391 1618 α
412 1567 747 1635 AnnuimuS,
784 1568 901 1643 jam
939 1587 1089 1644 pone
1130 1568 1361 1624 modum
1382 1608 1398 1637 ,
1439 1565 1792 1641 nimiumque

507 1653 768 1709 secundis

364 1762 393 1791 t<
413 1739 585 1794 Parce
612 1738 774 1795 Deis:
804 1738 937 1795 huic
961 1758 1072 1796 una
1099 1739 1244 1797 fides
1269 1735 1517 1816 optanda
1547 1731 1751 1795 labori.
1833 1802 1840 1808 .

361 1846 389 1876 «
411 1826 662 1879 Fortuna
692 1825 823 1880 satis
847 1845 1011 1895 usus.‚
1044 1825 1155 1880 abi.
1178 1849 1207 1878 >³
1245 1826 1522 1882 Restabat
1556 1821 1775 1881 acerbis

360 1908 707 1977 Funeribus,
738 1908 1005 1984 socioque
1041 1910 1196 1983 gregi
1215 1930 1330 1964 non
1360 1899 1565 1984 sponte
1583 1923 1866 1986 superstes

357 1993 703 2050 Hemonides
731 1991 863 2074 (ille
882 1992 1004 2048 haec
1023 1992 1360 2069 praeviderat
1376 2031 1396 2059 ,
1420 1993 1607 2049 omnia
1629 1995 1830 2051 doctus

357 2076 521 2133 Aeris
537 2118 552 2147 ‚
576 2091 631 2134 et
650 2078 803 2135 nulla
828 2082 1103 2154 deceptus
1131 2077 1203 2133 ab
1231 2075 1397 2156 alite)
1430 2081 1611 2135 Maeon
1628 2119 1644 2149 ,

355 2164 470 2218 Nec
490 2163 702 2220 veritus
722 2163 1023 2240 prohibere
1043 2162 1267 2231 ducem,
1284 2163 1384 2220 sed
1405 2164 1521 2221 fata
1537 2177 1865 2222 monentem

354 2249 649 2307 Privavere
675 2251 824 2316 fide;
852 2251 970 2308 vita
998 2249 1345 2305 miserandus
1373 2249 1541 2308 inerti

353 2334 665 2392 Damnatum·
689 2354 703 2389 t
734 2335 960 2410 trepido
987 2335 1217 2410 Tydeus
1240 2335 1476 2392 immitia
1500 2338 1762 2394 mandat:

429 2440 459 2469 <c
479 2416 738 2493 Quisquis
757 2439 816 2473 es
837 2419 1110 2475 Aonidum
1125 2461 1138 2488 ‚
1160 2440 1329 2494 quem
1356 2422 1597 2478 crastina
1620 2442 1854 2478 munere

479 2514 687 2554 *nostro

359 2608 391 2639 α
414 2582 675 2639 Manibus
707 2600 989 2641 exemtum
1019 2588 1219 2644 mediis
1247 2594 1468 2646 Aurora
1492 2590 1708 2656 videbit
1730 2634 1749 2658 ,

355 2693 385 2723 «
404 2674 539 2725 Haec
561 2667 732 2745 jubeo
755 2671 1011 2745 perferre
1031 2670 1162 2728 duci
1192 2675 1390 2749 :·cinge
1414 2695 1616 2748 aggere
1636 2689 1854 2750 portas:

356 2779 386 2808 «
407 2755 548 2810 Tela
579 2775 723 2811 nova
746 2776 758 2808 :
790 2753 1016 2831 fragiles
1047 2776 1164 2815 aevo
1191 2756 1556 2835 circumspice
1579 2779 1801 2816 muros:

354 2864 384 2894 α
402 2842 686 2918 Praecipue
710 2841 918 2917 stipare
938 2843 1088 2900 viros
1103 2885 1118 2913 .,
1144 2843 1458 2920 densasque
1479 2861 1762 2905 memento

356 2950 384 2978 α
404 2926 779 3005 Multiplicare
802 2927 982 2985 acies:
1010 2929 1325 2988 fumantem
1350 2931 1502 2988 hunc
1527 2933 1715 3011 aspice
1741 2936 1854 3002 late

361 3036 389 3063 κ
410 3014 554 3071 Ense
579 3033 709 3072 meo
736 3034 1018 3090 campum.
1042 3016 1209 3075 Tales
1234 3016 1289 3073 in
1315 3016 1462 3080 bella
1485 3022 1806 3079 venimiis.»
