2079 3613
1158 132 1174 169 N

299 243 427 325 372
568 226 1612 319 THEBAmos,1,113.x11.480

295 351 442 410 Cum
462 349 719 426 duplices
735 346 1047 416 thalamos»,
1077 355 1140 402 et
1154 342 1409 420 iniquum
1428 346 1614 403 Terea

516 435 776 489 clamant.

368 521 526 577 Urbe
553 519 659 577 fuit
671 517 858 575 media
882 514 1023 572 nulli
1049 534 1309 572 concessa
1335 527 1641 591 potentum

298 607 415 661 Ara
439 605 659 661 Deum.
692 600 839 657 mitis
852 600 1043 677 posuit
1062 599 1379 655 Clementia
1400 599 1622 655 sedem·
1609 625 1625 666 3

297 689 371 745 Et
392 687 579 745 miseri
599 688 790 745 fecere
811 705 1050 740 sacram.
1077 685 1207 740 Sine
1230 684 1482 760 supplice
1511 702 1804 771 nunquam

297 771 401 831 Illa
417 794 606 843 ηονο,
631 772 781 829 nulla
797 766 1082 826 damnavit
1105 782 1234 827 vota
1253 768 1498 845 repulsa.

298 857 489 914 Auditi
515 860 836 934 quicunque
854 870 1084 930 rogant3
1102 870 1445 932 noctesque,
1476 855 1711 931 diesque

298 945 396 1001 Ire
424 945 617 1000 datum
637 986 652 1013 ‚
685 957 738 999 et
766 944 897 998 solis
920 963 1124 997 numen
1141 943 1367 1016 placare
1386 941 1650 1017 querelis,

297 1029 467 1083 Parca
494 1026 818 1104 superstitio
842 1046 854 1081 :
885 1047 1000 1081 nou
1027 1025 1230 1082 thurea
1254 1027 1470 1081 flamma
1488 1066 1508 1096 ,
1530 1045 1644 1087 nec¹
1661 1024 1805 1086 altus

270 1125 276 1131 '
301 1111 598 1191 Accipitur
615 1111 867 1188 sanguis:
890 1110 1151 1189 lacrymis
1169 1107 1363 1165 altaria
1384 1111 1584 1166 sudant
1615 1150 1633 1180 ‚

303 1200 740 1272 Moestarumque
765 1218 935 1274 super
959 1195 1225 1251 libamina
1244 1207 1388 1252 serta
1410 1215 1697 1266 comarum
1721 1238 1726 1241 Α

303 1287 589 1354 Pendeat,
621 1296 676 1339 et
699 1297 905 1349 veste5‚
929 1294 1149 1338 mutata
1174 1293 1363 1351 sorte,
1388 1281 1617 1338 relictae.

300 1369 440 1424 Mite
471 1388 663 1423 nemus
691 1388 874 1436 cuca
903 1352 1215 1442 cultuque
1198 1365 1410 1440 lusigne
1434 1365 1686 1423 verendo

242 1522 243 1527 ¹
298 1454 530 1513 Vittatae
554 1454 776 1520 laurrm,
801 1452 1143 1528 etsupplicis
1158 1452 1327 1508 arbor
1358 1452 1534 1509 olivae.

303 1539 470 1595 Nulla
493 1551 674 1594 autem
698 1539 940 1612 effigieS‚
971 1537 1109 1594 nulli
1136 1537 1423 1593 commissa
1451 1536 1679 1595 metallo

303 1626 511 1681 Forma
536 1627 700 1682 Deae.
731 1636 943 1681 mentes
968 1624 1257 1697 habitare²
1286 1637 1342 1681 et
1366 1638 1602 1703 pectora

528 1710 755 1785 gaudet.

206 1873 209 1874 ⁷
299 1796 536 1875 Semper
556 1794 730 1853 habet
751 1793 1006 1873 trepidos
1023 1837 1042 1867 ι
1072 1814 1295 1873 semper
1322 1793 1478 1852 locus
1496 1793 1691 1852 horret

520 1882 708 1957 egenis

301 1967 584 2040 Costibus:
613 1963 818 2043 ignotae'
841 1980 1057 2026 tantum
1083 1967 1340 2025 felicibus
1368 1988 1495 2025 arae.

296 2059 462 2110 Fama
484 2067 567 2110 est
581 2050 831 2111 devictos
851 2056 970 2111 acie
992 2067 1119 2130 post
1137 2055 1297 2111 busta
1317 2054 1569 2132 paternis

302 2139 557 2195 Numinis
580 2181 594 2207 ‚
622 2140 937 2198 Herculeos
957 2137 1149 2195 sedem
1167 2140 1433 2198 fundasse
1459 2152 1712 2215 nepotes,

297 2226 474 2281 Fama
499 2225 680 2279 minor
697 2225 890 2281 factis:
877 2224 1061 2300 ‚ipsos
1081 2246 1210 2281 nam
1240 2227 1442 2283 creder
1448 2246 1477 2281 e
1498 2225 1728 2301 dignum

301 2310 625 2380 Coelicolas‚
651 2310 811 2366 tellus
830 2311 1035 2386 quibus
1050 2311 1275 2389 hospita
1296 2331 1516 2387 semper
1534 2313 1803 2386 Athenae,

303 2396 428 2453 Ceu
452 2395 633 2473 lege5‚
664 2388 1061 2474 hominemque
1088 2418 1326 2468 novum,
1356 2397 1608 2472 ritusque

518 2502 806 2540 sacrorum
821 2524 837 2553 ‚

299 2566 680 2644 Seminaque
664 2589 720 2624 1n
747 2588 955 2626 vacuas
983 2567 1386 2625 descendentia
1414 2581 1591 2625 terras

301 2654 391 2710 Sic
407 2673 651 2711 sacrasse
675 2655 804 2712 loco
825 2669 1122 2711 commune
1153 2652 1526 2710 animantibus
1539 2656 1701 2731 aegris

300 2739 673 2814 Coniugium,
703 2742 853 2797 unde
881 2739 1083 2845 procul
1106 2752 1356 2809 starent,
1387 2740 1593 2817 iraeque

516 2828 819 2903 minaeque,
1301 2849 1304 2852 ¹

299 2911 642 2987 Regnaque,
664 2923 721 2966 et
741 2932 770 2964 3
798 2910 956 2985 justis
976 2911 1196 2968 fortuna
1218 2911 1511 2968 recederet
1529 2911 1656 2968 aris.

298 2997 336 3053 J
339 3014 427 3051 am
453 3012 590 3054 tunc
611 2996 916 3053 innumerae
940 3009 1144 3077 norant
1167 2993 1359 3054 altaria
1388 3009 1618 3073 gentes:

478 3101 514 3146 ἰ
