2079 3613
564 271 634 333 55
729 274 1159 341 SYLVARUM,
1216 273 1358 321 me.
1412 275 1497 320 Η.
1642 255 1764 337 495
1819 232 1826 239 ’

420 391 449 420 α
481 369 668 426 Ludes
694 372 939 427 Hectora
959 410 978 440 ‚
1001 368 1409 444 Thessalosque
1428 383 1625 423 currus
1641 403 1657 433 ,

413 479 444 504 κ
466 456 543 510 Et
568 457 801 532 supplex
816 455 1022 537 Ijriami
1044 455 1291 531 potentis
1323 473 1545 510 aurum.

422 563 452 593 α
480 544 732 610 Etsed'es
756 542 1037 598 reserabis
1058 543 1381 598 Inferorum
1401 584 1416 608 ‚

416 651 445 680 «
471 629 728 703 Ingratus
750 633 900 699 Nero
921 628 1178 684 dulcibus
1202 626 1438 684 theatris
1460 667 1477 694 ‚

421 737 456 764 α
482 715 549 769 Et
574 725 772 770 noster
798 713 901 769 tibi
929 715 1213 770 referetur
1235 713 1515 791 Orpheus.

415 797 639 855 ‹t-Dices
660 798 998 854 culminibus
1022 799 1187 855 Remi
1209 811 1484 874 vagantes
1504 834 1523 865 ‚

420 909 449 938 «
474 885 740 942 Infandos
760 882 969 945 domini
999 884 1255 940 nocentis
1277 883 1453 958 ignes.

419 994 449 1024 κ
475 973 561 1025 Tu
579 984 744 1025 castae
762 969 987 1026 titulum
1004 968 1287 1044 decusque
1304 966 1467 1023 Pouae

358 1060 363 1063 ’
419 1079 446 1108 α
473 1055 731 1112 ,Iucunda
755 1054 914 1109 dabis
935 1053 1295 1109 allocutione.

420 1165 450 1193 «
473 1142 605 1196 Mox
626 1154 654 1218 λ’
671 1152 854 1215 coepta
881 1137 1206 1214 generosior
1231 1136 1459 1211 juventa
1477 1171 1500 1202 ‚

413 1247 442 1276 ι(
471 1223 649 1281 Albos
673 1223 887 1280 ossibus
911 1221 1069 1278 Italis
1088 1221 1379 1297 Philippos
1400 1260 1420 1290 ‚

422 1332 452 1362 «
477 1310 549 1364 Et
567 1308 882 1364 Pharsalica
903 1307 1045 1363 bella
1065 1305 1362 1363 detonabis
1379 1348 1395 1370 ,
1487 1322 1502 1329 ·

413 1415 442 1445 α
468 1393 539 1449 Et
557 1393 770 1465 fulmen
792 1380 949 1448 ducis
973 1392 1119 1447 inter
1137 1411 1289 1447 arma
1317 1387 1443 1445 Divi
1467 1407 1481 1458 3

421 1504 451 1533 α
476 1479 762 1536 Libertate
780 1497 1001 1555 gravem
1025 1479 1118 1554 pia
1145 1478 1419 1533 Catonem
1450 1515 1467 1542 ,

418 1590 447 1619 α
476 1567 546 1621 Et
567 1580 783 1644 gratum
809 1563 1187 1641 popularitate
1214 1565 1500 1636 Magnum.

412 1676 439 1704 «
461 1654 551 1707 Tu
570 1649 839 1707 Pelusiaci
855 1647 1033 1705 scelus
1055 1646 1281 1722 Canopi

419 1759 448 1788 α
476 1735 720 1790 Dessebis
748 1735 912 1811 pius;
943 1747 1000 1789 et
1018 1732 1200 1787 Pharo
1229 1741 1460 1786 cruenta

421 1844 450 1873 «
469 1819 736 1897 Pompeio
760 1820 921 1875 dabis
942 1817 1108 1873 altius
1127 1815 1469 1893 sepulcrum.
1571 1885 1579 1896 Ι

410 1929 438 1959 α
466 1908 600 1962 Haec
619 1905 799 1983 primo
814 1904 1034 1978 juvenis
1052 1922 1219 1961 canes
1233 1900 1337 1957 sub
1352 1918 1471 1956 aevo
1487 1938 1503 1966 ,
1555 1935 1558 1940 -

425 2015 453 2044 α
485 1996 625 2049 Ante
652 2011 828 2047 annos
855 1989 1065 2046 Culicis
1097 1984 1427 2046 Maroniani.

423 2100 451 2130 «
479 2077 661 2134 Cedet
685 2079 850 2131 Musa
878 2074 1035 2132 rudis
1062 2071 1264 2130 ferocis
1290 2069 1435 2126 Enni
1456 2110 1471 2139 ‚

435 2187 462 2216 «
481 2164 553 2219 Et
579 2162 734 2221 docti
758 2163 913 2218 furor
937 2159 1147 2215 arduus
1169 2156 1399 2214 Lucreti
1422 2197 1439 2225 ‚

427 2273 456 2302 α
478 2250 546 2304 Et
572 2248 669 2323 qui
695 2267 793 2323 per
821 2248 964 2306 freta
990 2246 1154 2302 duxit
1175 2241 1534 2320 'Argonautas
1553 2282 1567 2310 ‚

426 2360 454 2388 α
476 2338 547 2391 Et
573 2334 667 2409 qui
689 2352 923 2407 corpora
943 2332 1127 2407 prima
1153 2328 1528 2401 transfigurat.

424 2445 454 2473 «
475 2418 622 2490 Quin
640 2419 818 2490 majus
842 2416 1076 2489 loquor3
1097 2414 1218 2490 ipsa
1248 2422 1300 2470 [e
1321 2412 1536 2467 Latinis
1555 2445 1558 2452 ,

419 2528 447 2556 κ
476 2501 666 2559 AEneis
682 2499 1042 2555 venerabitur
1062 2508 1379 2554 canentem.

396 2621 399 2624 Δ
424 2614 455 2638 ιι
486 2587 614 2641 Non
629 2584 807 2641 solum
829 2583 976 2638 dabo
995 2583 1256 2638 carminis
1275 2583 1509 2637 nitorem
1535 2623 1552 2651 ,

429 2698 458 2727 α
489 2670 601 2729 Sed
630 2670 784 2726 taedis
809 2668 1117 2746 genialibus
1141 2667 1348 2722 dicabo
1377 2702 1387 2712 ·
1481 2671 1487 2680 ‘

432 2783 461 2813 «
482 2760 753 2824 Doclam,
777 2769 946 2832 atque
969 2754 1197 2828 ingenio
1218 2772 1317 2808 suo
1339 2751 1601 2808 decoram
1623 2791 1638 2819 ‚

425 2871 452 2898 a
478 2843 712 2916 Qualem
729 2841 936 2897 blanda
951 2842 1149 2897 Venus
1165 2881 1181 2908 ‚
1207 2836 1484 2914 daretque
1502 2840 1538 2894 J
1544 2857 1655 2894 uno
1674 2877 1691 2907 ,

427 2955 456 2984 ι(
481 2935 711 2997 Forma,
731 2928 1092 3005 simplicitate
1112 2966 1127 2994 ,
1160 2924 1421 2980 comitate
1441 2964 1458 2992 ,

427 3040 455 3071 κ
487 3018 679 3076 Censu
700 3058 717 3089 ,
745 3013 1012 3092 sanguine
1029 3056 1048 3079 ,
1075 3008 1256 3088 gratia
1274 3050 1292 3082 ⁷
1323 3007 1564 3072 decore&
