2079 3613
553 273 624 351 47
717 274 1165 338 THEBAIDOS‚
1218 276 1365 323 Lm.
1414 280 1519 326 xl.
1663 268 1781 325 321

291 369 830 448 Amphitryoniades
859 374 1083 428 Nemeae
1108 373 1163 427 in
1190 372 1459 445 sanguine
1482 385 1666 445 terga,

294 458 365 511 Et
391 455 596 512 similes
625 476 835 526 ramos,
868 456 1190 532 similesque
1222 455 1413 512 videre
1440 457 1751 530 pharetras

290 541 484 597 Stabat
512 541 567 596 in
595 540 876 616 Argolicae
903 541 1115 597 ferrato
1143 541 1399 616 margine
1416 539 1583 596 turris

287 625 558 701 Egregius
579 626 716 681 lituo
744 626 926 681 dextri
955 629 1223 683 Mavortis
1252 626 1501 701 Enipeus

195 751 206 758 ,
287 710 587 780 Hortatur,
619 709 717 766 sed
744 731 895 766 nunc
923 711 1143 766 miseris
1171 712 1343 768 dabat
1370 710 1506 768 utile
1534 711 1749 787 signum
1782 753 1800 781 ‚

288 795 676 869 Suadebatque
698 795 920 867 fugam,
946 785 1010 850 et*
1028 807 1181 851 tutos
1200 797 1261 851 in
1287 808 1465 866 castra
1494 808 1758 871 receptus
1781 815 1805 855 θ
1882 841 1883 846 ,

288 877 434 932 Cum
459 879 706 934 subitum
732 877 958 951 obliquo
987 879 1280 934 descendit
1307 881 1377 934 ab
1406 888 1537 936 a'ere
1564 879 1797 945 vulnu5‚

211 967 216 970 ’
289 961 669 1036 Urgentisque
698 981 896 1016 sonum
923 960 1063 1018 laeva
1088 982 1283 1018 manus
1310 984 1441 1019 aure
1471 976 1697 1020 retenta

508 1059 592 1101 est
610 1088 623 1111 ,

288 1132 448 1188 Sicut
475 1145 593 1188 erat
616 1150 628 1185 ε
655 1131 802 1208 fugit
824 1132 880 1187 in
912 1152 1118 1189 vacuas
1142 1133 1253 1207 jam
1280 1130 1505 1208 spiritus
1532 1151 1693 1188 auras
1716 1173 1731 1204 ‚

200 1232 203 1235 ’
287 1220 413 1271 Jam
438 1217 618 1293 gelida
646 1239 742 1273 ora
771 1232 984 1290 tacent3
1014 1238 1240 1275 carmen
1269 1217 1403 1275 tuba
1429 1217 1546 1273 sola

487 1305 751 1382 ‚peregih

314 1464 320 1470 ῃ
359 1391 598 1465 Jamque
625 1403 826 1466 potens
852 1390 1151 1467 scelerum,
1180 1390 1521 1467 geminaeque
1551 1390 1797 1448 exercita

347 1483 352 1488 ’
514 1475 697 1550 gentis
1668 1483 1673 1488 ’

286 1559 564 1635 Sanguine
585 1604 601 1631 ‚
632 1560 941 1637 Tisiphone
969 1560 1218 1616 fraterna
1242 1559 1464 1615 cludere
1492 1561 1692 1634 quaerit

285 1644 436 1702 Bella
465 1645 626 1714 tuba,
657 1666 763 1701 nec
792 1667 849 1702 se
875 1659 1030 1702 tanta
1055 1647 1114 1701 in
1144 1644 1452 1701 certamina
1473 1657 1633 1700 retur

288 1731 549 1787 Sufficere
570 1772 584 1799 ,
615 1731 833 1796 inferna
856 1733 1117 1787 comitem
1142 1732 1203 1785 ni
1228 1733 1356 1787 sede
1384 1734 1680 1806 Megaeram
1704 1775 1721 1797 ,

285 1818 356 1873 Et
384 1819 824 1892 consanguineos
849 1818 908 1872 in
935 1817 1125 1893 praelia
1154 1816 1385 1872 suscitet
1412 1836 1649 1889 angues·

282 1904 434 1978 Ergo
454 1902 649 1976 procul
678 1921 854 1957 vacua
878 1901 1133 1957 consedit
1155 1900 1297 1957 valle
1321 1941 1337 1970 ‚
1368 1899 1661 1974 solumque

282 1991 432 2044 Ense
462 1987 605 2044 fodit
630 1989 827 2065 Stygio
846 2033 860 2058 ‚
890 2002 1161 2064 terraeque
1185 1986 1569 2042 immurmurat
1596 1987 1795 2043 absens

283 2077 501 2130 Nomen
518 2116 533 2143 ‚
564 2087 652 2144 et,
685 2074 883 2152 Elysiis
908 2074 1127 2152 signum
1154 2070 1527 2128 indubitabile
1554 2072 1768 2147 regniS,

286 2157 572 2215 Crinalem
599 2160 803 2215 attollit
824 2159 996 2238 longo
1023 2158 1259 2216 stridore
1282 2171 1580 2215 ce1·asten.‘

285 2243 548 2300 Caeruleae
573 2245 688 2300 dux
713 2246 805 2302 ille
836 2267 1004 2303 comae
1022 2289 1038 2317 ‚
1070 2265 1181 2321 quo
1208 2245 1467 2320 protinus
1494 2243 1676 2300 omnis

286 2329 519 2384 Horruit
546 2329 738 2384 audito
766 2329 929 2386 tellus
952 2372 969 2400 ‚
995 2344 1318 2406 pontusque
1335 2369 1350 2397 ‚
1381 2328 1662 2403 polusque
1684 2368 1705 2394 ,
1744 2344 1752 2354 ⁴

284 2414 543 2487 Etpater
568 2411 812 2468 AEtnaeos
835 2413 1038 2469 iterum
1064 2411 1359 2488 prospexit
1387 2410 1459 2465 ad
1478 2411 1653 2485 ignes·

284 2497 514 2569 Accipit
539 2495 631 2549 illa
660 2516 854 2551 sonum
881 2514 896 2551 τ
927 2496 1109 2551 stabat
1133 2509 1265 2551 tunc
1292 2497 1436 2550 sorte
1463 2494 1683 2570 parenti

284 2580 543 2638 Proxima
562 2621 577 2645 ‚
606 2577 740 2633 dum
768 2593 912 2636 coetu
935 2581 1238 2654 Capaneus
1260 2577 1522 2633 laudatur
1547 2578 1617 2632 ab
1641 2578 1797 2633 omni

286 2667 432 2725 Ditis
452 2705 468 2735 ,
495 2678 549 2722 et
575 2664 854 2741 insignem
878 2666 1086 2742 Stygiis
1106 2666 1259 2722 fovet
1278 2663 1531 2720 amnibus

453 2750 460 2759 ’
513 2753 787 2807 umbram.

286 2839 548 2894 Protinus
568 2879 584 2907 ‚
616 2836 854 2913 abrupta
882 2851 1155 2896 terrarum
1182 2835 1327 2892 mole
1349 2878 1364 2906 ,
1397 2835 1500 2892 sub
1525 2834 1684 2891 astris

288 2923 586 2979 Constitit:
610 2923 889 2982 exsultant
915 2928 1114 2982 Manes
1131 2967 1148 2997 ,
1178 2935 1562 3000 quantumque

513 3008 801 3083 profundae

1320 3092 1481 3166 *14
