2079 3613
327 357 454 429 436
610 329 1244 427 SYLVAnnM‚'L1'13.
1301 365 1355 412 1.
1487 362 1561 438 49

250 471 256 478 ¹
312 475 672 544 habuerunt,
706 472 940 550 gratiam
962 469 1287 528 celeritatis.
1315 469 1541 526 Nullum
1564 471 1717 527 enim
1747 485 1834 530 est

206 800 251 818 N

325 580 395 618 ex
416 558 527 616 illis
556 559 730 616 biduo
768 557 991 635 longius
1029 567 1268 612 tractum
1294 572 1309 609 t
1338 552 1594 630 quaedam
1620 567 1679 612 et
1718 556 1837 611 sin-

323 642 466 720 gulis
499 641 696 700 diebus
730 642 926 698 effusa.
963 641 1232 714 Quamvis
1265 651 1488 707 metuo,
1524 659 1595 696 ne
1630 659 1834 698 verum

322 728 468 783 istuc
486 766 502 795 ‚
541 744 732 782 versus
752 734 974 801 quoque
1007 723 1117 800 ipsi
1146 723 1215 778 de
1238 743 1294 779 se
1319 725 1581 798 probent.
1612 724 1831 779 Primus

320 809 543 867 libellus
569 823 984 866 sacrosanctum
1017 808 1192 866 habet
1225 819 1465 864 testem:
1491 810 1832 867 sumendum

325 894 476 952 enim
495 908 612 951 erat
643 916 672 950 a
709 899 845 953 Jove
870 894 1231 972 principium.
1270 894 1545 949 Caeterum
1562 892 1667 948 hos
1691 913 1829 949 ver-
1871 898 1888 909 “

324 1000 451 1050 sus,
492 1000 635 1057 quos
672 980 732 1035 in
772 998 972 1054 equum
1013 978 1316 1035 maximum
1346 976 1458 1034 feci
1479 1021 1494 1047 ,
1530 975 1829 1054 indulgen-

323 1066 533 1123 tissimo
568 1065 922 1143 imperatori,
953 1075 1178 1142 postero
1199 1062 1288 1118 die
1314 1082 1481 1138 quam
1502 1063 1827 1121 dedicatum

314 1166 442 1210 erat
465 1173 607 1228 opus
625 1193 644 1222 .‚
673 1150 888 1206 tradere
922 1151 1103 1224 jussus
1128 1168 1268 1204 sum.
1292 1148 1527 1203 Potuisti
1545 1146 1685 1203 illud
1708 1146 1727 1225 (
1747 1146 1832 1201 di-

298 1247 412 1296 'cet
441 1237 684 1313 aliquis)
739 1248 794 1290 et
858 1246 988 1290 ante
1030 1231 1256 1290 vidisse.
1305 1232 1700 1329 Respondespis
1741 1230 1825 1305 illi

323 1335 423 1393 tu,
465 1320 635 1379 Stella
682 1318 959 1375 carissime
987 1358 1003 1388 ‚
1054 1318 1149 1392 qui
1175 1315 1584 1393 epithalamion
1625 1330 1781 1374 tuum
1806 1360 1825 1384 ,

281 1428 287 1433 ·
324 1405 481 1481 quod
509 1402 646 1458 mihi
667 1402 1021 1477 injunxeras,
1058 1401 1165 1456 scis
1184 1399 1357 1457 biduo
1383 1401 1674 1477 scriptum.
1707 1403 1829 1455 Au-

325 1488 521 1545 dacter
547 1505 637 1542 me
672 1485 940 1555 hercule3
981 1486 1079 1540 sed
1108 1495 1292 1541 tamen
1338 1501 1618 1543 cctxxvn
1653 1482 1829 1542 hexa-

324 1586 533 1631 metros
563 1571 751 1630 habet.
803 1573 879 1628 At
920 1572 1156 1629 fortasse
1185 1584 1248 1629 tu
1281 1592 1389 1650 pro
1437 1571 1647 1649 collega
1671 1590 1828 1626 men-

327 1659 504 1717 tieris.
1585 1702 1589 1706 Α

397 1743 638 1803 Manlius
674 1755 828 1799 certe
863 1741 1145 1820 Vopiscus
1168 1783 1183 1812 .,
1244 1742 1331 1798 vir
1374 1741 1781 1800 eruditissimus
1804 1783 1822 1814 ,

328 1843 386 1888 et
411 1830 510 1907 qui
540 1828 821 1907 praecipue
852 1827 1107 1886 vindicat
1130 1834 1160 1883 a
1180 1828 1289 1885 situ
1302 1829 1521 1887 litteras
1541 1832 1655 1904 ‘jam
1677 1848 1825 1903 pene

236 1973 243 1979 ,
326 1914 630 1991 fugientes,
666 1912 808 1970 solet
842 1910 988 1968 ultro
1020 1932 1244 1987 quoque
1284 1913 1514 1971 nomine
1548 1933 1673 1969 meo
1709 1912 1829 1987 glo-

325 1998 487 2070 riari,
513 1997 701 2057 villam
729 1996 1080 2054 Tiburtinam
1108 2017 1265 2054 suam
1303 1997 1645 2074 descriptam
1671 2019 1700 2054 a
1726 2018 1829 2053 no-

324 2083 415 2142 bis
450 2103 565 2139 uno
608 2083 722 2139 die.
773 2083 1041 2158 Sequitur
1089 2082 1311 2140 libellus
1354 2084 1569 2141 Rutilio
1605 2084 1826 2141 Gallico

325 2168 560 2226 Valenti
579 2166 873 2224 dedicatus
901 2185 916 2222 ε
947 2166 1020 2223 de
1038 2188 1154 2244 quo
1173 2167 1315 2224 nihil
1337 2168 1465 2225 dico
1483 2212 1514 2240 ‚‚
1532 2189 1605 2225 ne
1624 2167 1827 2227 videar

327 2250 576 2307 defuncti
609 2253 767 2308 testis
804 2253 1099 2309 occasione
1132 2254 1378 2309 mentiri.
1414 2257 1555 2326 Nam
1601 2253 1830 2310 Claudii

326 2333 584 2392 Hetrusci
603 2334 976 2393 testimonium
1005 2349 1189 2409 extat,
1212 2337 1309 2414 qui
1328 2336 1649 2394 Balneolum
1677 2357 1709 2392 a
1736 2358 1827 2393 me

324 2439 519 2491 suum,
549 2420 695 2476 intra
724 2441 932 2478 moram
959 2442 1159 2494 emme,
1187 2423 1429 2500 recepit.
1459 2424 1530 2479 In
1549 2421 1660 2479 fine
1694 2435 1828 2481 sunt

324 2504 561 2563 Kalend.
607 2505 874 2562 Decemb.
914 2506 1121 2582 quibus
1153 2508 1349 2583 utique
1369 2507 1611 2565 creditur
1640 2527 1654 2563 ε
1685 2526 1829 2563 noe-

326 2603 445 2648 tem
478 2591 629 2647 enim
658 2592 811 2650 illam
844 2591 1210 2650 felicissimam
1236 2592 1453 2658 habent
1472 2635 1490 2666 ‚
1534 2605 1591 2650 et
1628 2591 1850 2676 volup--

329 2675 536 2734 tatibus
571 2676 810 2755 publicis
847 2676 1219 2756 inexpertam,
1519 2675 1522 2680 ’

981 2940 1167 2964 -P--P
