2079 3613
551 323 617 379 9¹
722 305 1158 373 ‚snvARUm
1210 305 1354 353 mn.
1404 307 1521 355 111.
1663 296 1788 356 5ι5

298 400 584 470 Vertitur,
610 400 831 457 aestiseri
856 399 1130 474 quidquid
1151 398 1281 455 serit
1301 418 1429 455 area
1443 398 1596 471 Nili,

297 486 578 562 Quodque
594 485 731 561 le‘git
749 504 961 540 mersus
974 483 1161 560 pelagi
1180 488 1456 540 scrutator
1474 486 1575 541 Eoi
1589 524 1607 554 ‚

298 571 371 625 Et
388 570 791 627 Lacedaemonii
807 570 1073 645 pecuaria
1089 567 1237 625 culta
1253 566 1441 624 Galesi
1460 610 1476 638 ‚

294 656 709 730 Perspicuaeque
724 654 911 720 nives,
942 653 1293 729 Massylaque
1312 652 1512 709 robora
1532 694 1548 722 ‚
1581 665 1638 710 et
1663 651 1793 709 Indi

293 743 491 797 Dentis
518 741 726 811 honos;
751 738 847 795 uni
875 753 1078 815 parent
1103 741 1395 796 commissa
1424 741 1710 808 ministre,

291 828 429 897 Quoe
443 828 643 882 Boreas
665 866 681 894 ‚
713 843 945 900 quaeque
973 828 1154 881 Eurus
1175 835 1335 882 atrox
1352 865 1369 895 ‚
1397 844 1518 900 quae
1533 822 1758 883 nubilus

505 911 714 963 Auster
1305 958 1308 959 γ

288 991 536 1048 Invehit.
563 993 862 1068 Hybernos
879 992 1049 1048 citius
1063 995 1443 1053 numeraveris
1459 993 1664 1050 imbres
1675 1031 1695 1063 ,

287 1073 667 1148 Silvarumque
695 1094 895 1130 comas.
913 1075 1069 1150 vigil
1095 1076 1247 1151 ipse,
1276 1078 1572 1151 animoque
1603 1074 1791 1152 sagaci

286 1158 520 1237 Exci-tus
536 1199 554 1229 ‚
577 1159 788 1217 evolv'is
813 1173 1088 1234 quantum
1111 1165 1355 1217 Romana
1381 1160 1485 1217 sub
1500 1159 1657 1215 omni

285 1247 398 1304 Pila
426 1250 543 1320 die,
573 1261 957 1327 quantumque
984 1252 1188 1311 Tribus
1211 1274 1225 1311 ε
1254 1251 1395 1329 quid
1409 1249 1619 1328 templa
1638 1292 1658 1322 ,

506 1333 645 1409 quid
671 1335 772 1391 alit

288 1415 585 1472 Undarum
615 1439 843 1491 cursus;
869 1418 1010 1497 quid
1034 1424 1457 1497 propugnacula
1482 1432 1714 1496 poscant

285 1503 564 1577 ,AEquoris
582 1546 598 1570 ‚
622 1517 717 1560 aut
741 1503 906 1581 longe
926 1506 1100 1562 series
1120 1519 1384 1581 porrecta
1400 1505 1652 1564 viarum:

283 1588 452 1660 Quod
471 1587 685 1643 domini
710 1589 874 1646 celsis
891 1590 1073 1645 niteat
1095 1590 1453 1663 laquearibus
1477 1610 1673 1645 aurum
1688 1630 1706 1660 ,

284 1676 425 1744 Quae
449 1673 656 1727 Divilm
674 1672 733 1727 in
750 1672 936 1729 vultus
958 1673 1075 1749 igni
1089 1672 1377 1729 formanda
1387 1673 1661 1747 liquescat

285 1761 502 1827 Massa3
526 1757 664 1833 quid
687 1759 952 1815 Ausoniae
970 1760 1247 1836 scriptum
1271 1772 1462 1836 crepet
1482 1760 1610 1836 igne

492 1855 750 1899 monetae.

280 1927 429 1984 Hinc
444 1926 547 1981 tibi
565 1948 691 1983 rara
720 1927 883 2001 quies
898 1967 915 1996 ,
939 1927 1241 2002 animoque
1264 1926 1482 1983 exclusa
1501 1926 1779 2003 voluptas,

279 2013 618 2088 Exiguaeque
648 2011 823 2088 dapes
842 2053 861 2082 ,
889 2025 947 2069 et
966 2033 1252 2088 nunquam
1279 2014 1404 2069 laesa
1424 2015 1710 2088 profundo

285 2100 440 2154 Cura
461 2117 636 2152 mero,
662 2099 774 2153 Sed
795 2098 919 2170 jura
945 2109 1135 2153 tamen
1156 2097 1390 2172 genialia
1411 2097 1612 2168 cordi,·

277 2186 349 2242 Et
365 2197 607 2238 mentem
630 2181 875 2238 mulcere
899 2183 1065 2250 toris,
1095 2196 1151 2239 et
1175 2185 1407 2258 jungere
1430 2183 1571 2239 festa

278 2268 579 2324 Connubia
596 2310 610 2332 ‚
638 2281 695 2322 et
719 2267 867 2323 fidos
887 2267 1118 2325 domino
1145 2269 1397 2342 genuisse
1415 2267 1670 2326 clientes.

275 2355 416 2426 Quis
437 2352 670 2409 sublime
697 2373 866 2428 genus
885 2394 901 2419 ‚
925 2355 1270 2425 formamque
1296 2340 1527 2426 insignis
1541 2356 1781 2408 Etruscoe

273 2436 545 2495 Nesciat?
568 2437 723 2492 haud
747 2456 995 2509 unquam
1018 2437 1254 2511 proprio
1279 2436 1418 2493 mihi
1447 2437 1672 2512 cognita

489 2540 613 2576 visu
641 2538 659 2590 ς

273 2607 393 2667 Sed
416 2607 590 2662 decus
606 2595 867 2660 eximium
892 2604 1083 2661 formae
1098 2624 1203 2683 par
1217 2604 1407 2662 reddit
1425 2607 1607 2681 imago

273 2691 543 2751 Vultibus
557 2734 571 2756 ‚
590 2704 646 2746 et
661 2689 850 2744 similis
863 2702 1125 2745 natorum
1142 2691 1317 2765 gratia
1337 2702 1634 2747 monstrat.

278 2778 404 2836 Nec
431 2776 659 2850 vulgare
678 2796 855 2850 genus
886 2794 901 2830 ε
929 2777 1138 2845 fasceS‚
1163 2794 1547 2851 summamque
1579 2801 1582 2804 ¹

486 2861 743 2918 curulem

277 2946 478 3002 Frater
494 2985 510 3013 ,
535 2958 593 3002 et
612 2944 895 3001 Ausonios
911 2964 1070 3001 enses
1087 2986 1106 3016 ‚
1123 2943 1493 3019 mandataque
1516 2942 1664 3024 ἱίᾶιις

274 3032 449 3105 Signa
473 3029 637 3104 tulit‘,
669 3051 795 3090 cum
822 3032 1011 3110 prima
1021 3045 1211 3093 truces
1229 3030 1472 3090 amentia
1488 3025 1671 3092 Dacos
