2079 3613
327 331 460 400 286
606 322 1579 417 rnnsA1nos‚L1B.x.147

241 465 244 470 ·
317 446 565 519 Campus
582 480 601 512 ,
630 454 688 497 et
714 441 1019 499 innumerae
1046 461 1249 513 voces,
1277 442 1642 518 fremitusque

532 526 783 583 virorum

312 608 639 674 summisere
665 628 878 666 sonum.
901 611 1047 667 Cum
1063 629 1199 667 vero
1225 609 1588 668 humentibus
1613 608 1714 666 alis

312 695 580 753 Incubuit
596 735 613 765 ‚
645 695 922 772 piceaque
949 694 1105 753 haud
1127 713 1378 773 unquam
1396 692 1624 753 densior

539 779 734 836 umbra

308 867 502 923 Castra
527 862 711 933 subit,
743 885 927 921 errare
949 864 1127 935 oculi,
1154 842 1513 941 resolutaque
1541 862 1714 934 eolla,
1810 889 1821 898 ·

307 952 383 1007 Et
407 946 593 1006 medio
620 948 793 1004 affatu
814 948 987 1007 verBa
1013 948 1347 1026 imperfecta
1373 947 1636 1025 relinqui.

310 1037 446 1091 Mox
468 1046 524 1090 et
541 1032 819 1109 fulgentes
843 1034 1073 1113 clypeos
1088 1077 1105 1105 ‚
1133 1048 1193 1091 et
1217 1055 1358 1094 saeva
1377 1037 1669 1092 remittunt

309 1118 426 1175 Pila
452 1138 619 1176 manu
635 1161 651 1190 ,
679 1117 923 1196 lassique
950 1118 1160 1176 cadunt
1184 1120 1242 1176 in
1264 1130 1499 1197 pectem
1523 1118 1731 1177 vultus.

310 1205 383 1260 Et
399 1205 512 1280 jam
537 1218 738 1261 cuncta
765 1203 930 1260 silent
954 1223 967 1258 :
993 1204 1102 1279 ipsi
1127 1208 1242 1279 jam
1268 1216 1416 1261 stare
1441 1215 1705 1260 recusant

309 1288 687 1365 Cornipedes;
715 1289 866 1364 ipsos
886 1287 1101 1343 subitus
1126 1286 1261 1343 cinis
1287 1286 1516 1343 abstulit
1540 1288 1716 1362 ignes-

380 1375 461 1428 At
484 1392 600 1428 non
625 1384 684 1427 et
710 1370 948 1465 trepidis
974 1368 1175 1426 eadem
1200 1388 1372 1445 sopor
1397 1370 1510 1424 otia
1535 1370 1721 1425 Graiis

309 1452 549 1518 Suadet,
579 1467 636 1509 et
661 1476 691 1509 a
716 1453 925 1528 junctis
950 1466 1107 1512 arcet
1133 1471 1234 1509 sua
1261 1452 1454 1509 nubila
1481 1452 1677 1507 eastris

311 1532 609 1616 Noetivagi
633 1536 711 1588 vis
736 1534 942 1591 blanda
967 1536 1095 1593 Dei.
1127 1540 1290 1594 Stant
1316 1534 1617 1610 undique
1600 1554 1660 1589 m

528 1615 694 1670 armis
710 1653 728 1684 ,

310 1699 539 1758 Foedam
561 1697 915 1776 indignantes
939 1716 1201 1775 noctem,
1229 1704 1536 1800 vigilesque

523 1786 817 1864 superbos·

381 1872 526 1929 Eece
552 1892 757 1949 repens
773 1914 789 1944 ‚
833 1872 1047 1951 superis
1072 1874 1319 1932 animum
1342 1850 1770 1955 lymphantibus
1787 1919 1806 1949 ‚

530 1958 735 2015 horror

311 2043 720 2101 Thiodamanta
744 2043 895 2098 subit
914 2084 932 2114 ‚
963 2044 1440 2122 formidandoque
1479 2050 1724 2108 tumultu

309 2130 562 2188 Pandere
590 2131 704 2185 sata
725 2122 902 2202 jubet.
928 2129 1058 2185 Sive
1087 2129 1230 2186 hane
1255 2133 1511 2190 Saturnia
1536 2148 1810 2209 mentem,

308 2214 435 2270 Sive
458 2233 661 2270 novum
690 2210 955 2268 comitem
980 2212 1160 2269 bonus
1187 2215 1488 2290 instigabat
1514 2219 1743 2294 Apollo-

306 2296 527 2353 Prosilit
551 2297 609 2352 in
633 2295 874 2365 medi05‚
900 2295 1024 2353 visu
1043 2339 1059 2366 ,
1088 2296 1399 2375 audituque
1426 2303 1786 2377 tremendus,

306 2379 724 2463 Impatiensque
750 2379 896 2452 Dei,
923 2380 1109 2458 fragili
1131 2404 1305 2460 quem
1327 2397 1518 2443 mente

528 2479 825 2543 receptum

313 2534 440 2608 Non
458 2552 645 2628 capit3
679 2552 963 2609 exundant
989 2552 1198 2609 stimuli
1214 2555 1555 2632 ‚nudusque
1576 2576 1682 2633 per
1707 2576 1805 2614 ora

310 2637 427 2691 Stat
445 2635 638 2705 furor,
670 2648 728 2694 et
753 2637 1004 2715 trepidas
1041 2637 1258 2696 incerto
1298 2640 1562 2715 sanguine
1591 2640 1804 2712 tendit,

308 2718 464 2775 Exha
474 2720 692 2799 uritque
719 2740 883 2796 genas
911 2743 925 2778 ε
956 2721 1102 2779 acies
1125 2724 1238 2780 huc
1263 2737 1412 2783 errat
1436 2736 1494 2780 et
1515 2724 1646 2781 illuc
1661 2768 1677 2796 ,

310 2805 581 2880 Sertaque
608 2806 779 2863 mixta
809 2807 981 2862 comis
1006 2827 1197 2882 sparsa
1226 2808 1445 2864 cervice
1471 2809 1731 2884 flagellat.

309 2884 400 2940 Sic
427 2888 645 2965 Phryga
663 2889 919 2946 terrificis
940 2889 1178 2964 genitrix
1202 2892 1351 2948 Idaea
1373 2907 1668 2951 cruentum

310 2969 475 3026 Elicit
499 2994 567 3029 ex
591 2972 771 3050 adytis
788 3016 806 3045 ‚
835 2985 1280 3051 consumptaque
1305 2975 1536 3033 brachia
1562 2980 1712 3036 ferro

311 3054 464 3113 Scire*
485 3069 657 3116 vetat.
686 3058 880 3134 Quatit
906 3057 1000 3117 ine
1025 3077 1211 3120 sacras
1228 3058 1288 3118 in
1305 3072 1539 3140 pectora
1556 3063 1720 3143 pinus
1739 3105 1761 3139 ‚
