2079 3613
558 236 657 309 145
772 251 1216 314 THEBAIDOS‚
1271 255 1569 303 mmm.
1713 241 1839 300 325

296 412 302 417 ,
343 353 479 423 Quae
503 351 594 408 via
611 393 625 421 ‚
658 352 859 425 quisve,
878 348 1037 404 dolor
1058 390 1072 417 ‚
1108 368 1206 422 cur
1229 362 1422 404 moesta
1443 344 1721 423 insignia?

554 450 773 492 tantum
1037 443 1041 448 “

340 520 623 592 Fleverat5
654 535 819 595 atque
847 540 1016 576 manu
1043 520 1270 575 timidos
1296 529 1578 574 averterat
1604 517 1776 592 ignes,

341 606 459 661 Scit
485 620 724 662 mentem
753 606 960 674 vidisse
986 605 1158 661 nefas.
1185 602 1406 660 Etenim
1430 603 1578 659 unde

557 691 829 767 Mycaenis

338 774 547 830 Afforet
568 816 583 843 ‚
615 787 671 829 et
698 774 908 830 vallum
934 777 1133 849 conjux
1158 773 1386 847 inopina
1416 768 1671 828 subiret?

254 884 263 889 -
339 857 451 912 Sed
476 859 575 913 sati
601 859 875 926 monituS,
904 858 1200 932 vicinaque
1232 857 1427 914 funera
1456 857 1625 913 sentit
1644 898 1659 925 ‚

339 942 429 997 Ac
456 941 661 995 sentire
687 941 866 997 timet.
898 943 1038 996 Cum
1065 961 1202 997 vero
1229 943 1567 996 Acherontis
1595 940 1781 1017 operti

341 1028 487 1083 Diva
516 1040 603 1081 ter
629 1029 856 1082 admoto
885 1026 1063 1100 tetigit
1090 1027 1321 1081 thoraca
1349 1027 1566 1102 flagello
1598 1070 1614 1095 .,

343 1108 531 1163 Ardet
555 1108 721 1185 inops
747 1110 951 1178 animi,
978 1130 1083 1165 nec
1108 1122 1217 1164 tam
1247 1111 1540 1167 considere
1566 1132 1736 1185 regno
1756 1154 1770 1178 ‚

345 1196 525 1265 Quam
551 1194 730 1250 scelus
748 1236 764 1264 ,
798 1208 853 1251 et
883 1194 1091 1250 caedem
1110 1237 1124 1264 ‚
1157 1208 1209 1251 et
1235 1197 1473 1269 perfossi
1502 1196 1556 1250 in
1585 1198 1849 1272 sanguine

566 1281 753 1336 fratris

337 1365 636 1441 Exspirare
665 1366 851 1443 cupit,
883 1365 1210 1441 subitusque
1238 1368 1441 1423 affatur
1469 1368 1796 1423 Adrastum.

418 1473 446 1503 «
465 1452 600 1507 Sera
624 1451 887 1528 quidem,
909 1464 1193 1508 extremus
1217 1451 1455 1521 socium,
1485 1450 1773 1527 gentisque

559 1549 843 1610 superstes

345 1641 374 1669 α
398 1617 685 1694 Argolicae,
714 1622 985 1689 consulta,
1016 1634 1206 1696 pater,
1237 1623 1348 1695 jam
1374 1620 1540 1675 rebus
1564 1620 1621 1673 in
1646 1620 1809 1674 arctis

344 1705 702 1779 «Aggredior
725 1728 737 1759 ι
766 1719 897 1763 tunc
924 1720 1149 1780 tempus
1177 1720 1327 1773 erat,
1359 1727 1485 1762 cum
1512 1703 1736 1780 sanguis

570 1790 851 1847 Achivum

348 1897 379 1927 ι(
399 1874 652 1948 Integer,
680 1875 761 1942 irae
789 1873 934 1929 ultro
951 1916 967 1944 .,
994 1875 1352 1950 primamque
1381 1893 1678 1950 capescere

550 1980 818 2035 pugnam.

345 2071 375 2099 α
398 2047 525 2102 Non
553 2044 731 2122 plebis
748 2047 953 2100 Danaae
976 2044 1200 2114 florem,
1231 2064 1539 2119 regumque
1574 2045 1849 2102 verendas

345 2155 375 2183 κ
396 2131 693 2205 Objectare
720 2129 958 2198 animaS‚
984 2142 1047 2186 ut
1073 2128 1428 2186 lamentabile
1449 2130 1618 2186 tantis

341 2245 374 2270 κ
393 2213 640 2273 Urbibus
659 2217 939 2273 induerem
965 2217 1139 2293 capiti
1162 2217 1350 2274 decus,
1375 2218 1594 2293 Aspera
1618 2221 1844 2293 quando

344 2338 374 2367 ι(
395 2314 663 2388 Praecepit
689 2313 863 2369 virtus
892 2355 908 2384 ‚
939 2335 1088 2370 nunc
1114 2317 1314 2371 saltem
1339 2304 1624 2370 exsolvere
1653 2316 1736 2371 fas

565 2411 638 2452 sit

340 2504 371 2533 α
395 2484 532 2553 Quae
556 2482 771 2549 merui;
801 2482 907 2536 scis
933 2502 1135 2558 nempe
1153 2527 1167 2551 ,
1193 2502 1355 2540 socer
1374 2526 1388 2552 ‚
1417 2484 1553 2540 licet
1579 2485 1688 2539 alta

552 2564 824 2619 recondas

345 2674 374 2704 κ
394 2649 677 2718 Vulnera,
706 2661 763 2705 et
789 2650 1050 2705 afflictum
1071 2651 1266 2726 generi
1289 2672 1521 2708 vereare
1544 2654 1839 2727 pudorem.

342 2760 371 2788 κ
395 2735 495 2792 Ille
523 2755 627 2812 ego
654 2753 771 2790 sum
791 2777 806 2805 ‚
838 2736 934 2810 qui
964 2746 1017 2791 te
1039 2754 1240 2810 pacem
1270 2748 1321 2791 et
1348 2736 1443 2811 pia
1464 2739 1588 2811 jura

569 2832 853 2896 regentem
1337 2844 1342 2849 ·

291 2973 293 2976 y
348 2930 376 2958 «
400 2907 601 2962 Infelix
637 2903 993 2985 (utinamque
1022 2907 1140 2965 aliis
1166 2907 1330 2971 datus
1358 2907 1587 2965 urbibus

558 2992 791 3075 hospes!
817 2999 839 3065 )

1698 3164 1931 3321 s
