2079 3613
1258 199 1272 223 ἱ

270 262 432 337 224
507 278 1152 342 THEBAIDOS‚L113.
1208 280 1376 328 VIII.
1470 278 1580 336 303

263 377 511 454 Incipit.
544 402 572 430 «
597 380 647 433 O
670 376 967 434 hominum
986 376 1304 454 Divumque
1320 389 1533 434 aetelna

477 462 743 518 creatrix!
816 512 821 519 .

263 566 294 598 α
313 550 447 619 Quae
466 546 694 616 fluvios,
726 546 1002 621 silvasque
1030 585 1047 616 ‚
1076 546 1398 623 animasque
1418 561 1478 605 et
1503 551 1716 608 semina

485 631 680 688 mundi

264 753 293 783 α
313 731 531 786 Cuncta
549 770 563 795 ‚
589 725 1065 803 Prometheasque
1094 717 1287 825 manus
1304 767 1319 797 ,
1350 727 1724 804 Pyrrhaeaque

483 832 615 868 saxa
1186 886 1211 894 ἢ
1758 878 1765 881 ,

267 931 296 959 κ
317 908 535 984 Gignis‚
561 922 613 965 et
640 908 889 984 impastis
904 927 1031 984 quae<
1046 907 1226 982 prima
1245 907 1509 963 alimenta
1531 907 1756 978 dedisti,

265 1010 304 1041 a
320 992 661 1066 Mutastique
677 994 829 1049 vices
844 1033 860 1062 ‚
890 1011 1014 1068 quae
1036 1003 1275 1067 pontum
1302 991 1588 1066 ambisque
1619 1032 1641 1063 ,Ι

486 1076 787 1153 vehisque3

265 1197 296 1227 α
316 1174 399 1226 Te
418 1191 592 1248 penes
618 1186 672 1229 et
692 1175 972 1249 pecudum
1000 1192 1131 1249 gens
1156 1170 1339 1244 mitis,
1367 1183 1421 1228 et.
1441 1172 1522 1228 ira

486 1261 635 1313 ferar
638 1276 725 1311 um
745 1296 762 1325 ,

263 1363 290 1391 α
315 1340 386 1395 Et
412 1337 701 1396 volucrum
725 1336 987 1413 requies·
1016 1321 1240 1395 firmum
1266 1348 1437 1417 atque
1477 1337 1783 1413 immobile,

478 1421 677 1479 muudi

195 1530 196 1533 ’
267 1547 296 1575 κ
317 1522 513 1578 Robur
530 1518 814 1577 inoccidui
842 1522 857 1576 Ξ
887 1520 969 1576 Te
988 1520 1158 1577 velox
1182 1518 1440 1578 machina
1466 1519 1590 1578 coeli

268 1633 300 1657 «
324 1613 475 1662 Aere
489 1604 829 1680 pendentem
851 1622 1029 1667 vacuo
1045 1646 1062 1675 .,
1090 1617 1145 1660 te
1174 1624 1369 1663 currus
1393 1617 1629 1681 uterque

274 1715 304 1742 ιι
325 1689 562 1745 Circuit.
586 1692 637 1746 Ο
664 1707 850 1745 rerum
870 1687 1058 1745 media
1081 1732 1098 1757 ,
1123 1687 1474 1767 indivisaque
1499 1688 1708 1766 magnis

265 1797 294 1827 κ
315 1771 602 1856 Fratribus
626 1777 639 1827 ἔ
668 1774 813 1850 Ergo
842 1772 1006 1830 simul
1048 1784 1132 1832 tot
1168 1773 1426 1852 gentibus
1469 1775 1610 1833 alma
1628 1819 1646 1846 ‚
1673 1785 1759 1832 tot

488 1857 612 1915 altis

262 1955 594 2026 «Urbibus,
623 1977 688 2013 ae
713 1955 972 2033 populis„
999 1917 1350 2034 subterque,
1378 1977 1443 2015 ae
1471 1956 1715 2035 desuper

486 2064 597 2100 una

264 2155 291 2183 α
313 2131 559 2197 Safficis⁷
580 2128 1006 2201 astriferumque
1027 2080 1222 2181 domos
1239 2126 1471 2183 Atlanta
1486 2147 1657 2203 supe1
1659 2146 1758 2183 nas

265 2239 293 2266 «
315 2218 481 2270 Ferre
500 2212 887 2282 laborantem,
910 2209 1066 2267 nullo
1084 2209 1289 2267 vehis
1274 2235 1288 2267 ι
1292 2232 1397 2289 psa
1413 2210 1655 2269 labore:

267 2323 295 2351 α
319 2298 436 2353 Nos
459 2308 676 2352 tantum
703 2307 934 2371 portare
963 2315 1135 2373 negas
1157 2293 1184 2353 ’.Ρ
1205 2317 1309 2355 nos
1327 2340 1343 2369 ,
1373 2296 1515 2354 Diva
1532 2337 1550 2366 ,

482 2381 730 2460 gravaris
757 2379 786 2440 ’.Ρ

233 2523 248 2538 .
270 2507 298 2536 α
320 2481 485 2555 Quod
509 2522 526 2551 ,
549 2498 753 2555 precor
768 2521 785 2551 ‚
813 2478 987 2553 ignari
1010 2479 1212 2540 luimus
1232 2473 1459 2536 scelus?
1481 2497 1554 2534 an
1577 2475 1711 2554 quia

469 2564 669 2641 plebes

214 2728 220 2734 η
265 2676 294 2705 α
319 2653 561 2708 Externa
581 2692 596 2721 ‚
626 2649 874 2708 Inachiis
897 2649 1010 2709 hue
1034 2651 1406 2708 adventamus
1429 2647 1501 2702 ab
1521 2644 1635 2701 oris
1662 2645 1691 2703 ’.Ρ

192 2845 224 2882 ἱ

266 2760 295 2788 ιι
313 2738 495 2793 Omne
521 2734 735 2791 homini
757 2738 950 2792 natale
979 2735 1196 2792 solum.
1181 2753 1195 2765 ·
1213 2750 1320 2787 nec
1346 2743 1439 2800 te,
1471 2730 1684 2806 optima
1704 2773 1723 2802 ‚

490 2840 639 2878 saevo

271 2939 300 2967 α
317 2917 636 3058 Tanq¹uam
623 2916 864 2975 humiles
887 2910 1134 2992 populos
1161 2910 1363 2970 deceat
1383 2910 1724 2990 distinguere

500 3012 635 3055 me·
