2079 3613
453 226 524 287 26
708 226 1150 295 τΗΕΒΑῙυοε,
1201 229 1350 279 mn.
1402 232 1507 281 IV.
1605 230 1715 304 640

467 334 637 387 'antes
655 327 779 406 lege
799 347 984 385 morae.
1014 329 1191 384 Certa
1217 340 1302 384 est
1324 328 1563 386 victoria
1592 331 1809 388 Thebis
1825 373 1841 402 ‚
1877 353 1892 364 “

392 442 422 471 α
440 420 521 472 Ne
546 413 800 490 trepida;
824 434 931 470 nec
951 432 1121 489 regna
1145 413 1298 469 ferox
1319 434 1617 490 germanus
1639 415 1896 474 habebit.

391 525 419 554 ιι
437 502 543 558 Sed
564 502 611 556 F
614 497 748 554 uriae
762 540 780 571 ‚
808 498 1200 576 geminumque
1219 501 1378 555 nefas
1394 543 1413 569 ,
1432 500 1776 577 miserosque
1791 522 1902 579 per

492 602 695 652 vxenses

387 694 416 724 «ι
439 666 590 747 (Hei
615 665 796 740 mihi)
825 666 1070 724 crudelis
1094 667 1277 726 vincet
1301 680 1482 746 pater.
1505 691 1536 722 n
1564 672 1701 726 Haec
1724 668 1822 724 ubi

538 753 720 822 fatus,

383 838 644 905 Labitur,
672 849 728 894 et
750 836 893 893 flexa
916 836 1121 893 dubios
1146 837 1379 914 ambage
1404 836 1645 913 reliquit.

460 925 687 1005 Interea
704 921 942 1000 gelidam
970 922 1251 991 Nemeen,
1284 935 1342 979 et
1370 923 1592 978 conscia
1628 921 1813 978 laudis

387 1007 677 1067 Herculeae
703 1008 930 1065 dumeta
947 1050 961 1076 ‚
988 1026 1127 1083 vaga
1157 1006 1377 1084 legione
1404 1006 1672 1063 tenebant

383 1094 684 1153 Inachidae.
710 1096 843 1152 Jam
865 1091 1123 1149 Sidonias
1151 1105 1403 1149 avertere
1430 1090 1671 1167 praeda,

384 1184 685 1247 Sternere,
711 1181 858 1235 ferre
886 1177 1084 1233 domos
1109 1178 1340 1245 ardent,
1379 1176 1717 1252 instantque.
1753 1175 1896 1250 Quis

534 1266 647 1321 iras

383 1354 432 1409 F
433 1347 607 1407 lexei
589 1362 661 1404 1t
680 1347 829 1405 unde
843 1366 1032 1416 morae,
1048 1313 1268 1403 medius
1285 1347 1413 1423 quis
1431 1347 1691 1403 euntibus
1707 1366 1769 1402 en
1772 1363 1889 1416 ror,

324 1427 328 1431 ⁴
382 1434 623 1503 Phoebe,
649 1433 826 1490 doce·
848 1450 953 1488 nos
976 1451 1099 1488 rara
1127 1445 1358 1488 manent
1380 1432 1610 1490 exordia
1636 1434 1810 1488 samae.

453 1517 745 1577 Marcidus
770 1516 1013 1575 edomito
1039 1516 1244 1574 bellum
1270 1517 1564 1575 referebat
1589 1517 1659 1573 ab
1685 1517 1854 1570 AEmo

384 1606 589 1662 Liber:
618 1602 694 1658 ibi
711 1602 1000 1659 armiferos
1026 1603 1257 1676 geminae
1279 1605 1395 1678 jam
1419 1604 1602 1660 sidere
1624 1601 1838 1658 hrumae

379 1692 555 1768 Orgia
579 1690 730 1745 serre
755 1690 925 1743 Getas
944 1728 960 1756 ‚
991 1707 1308 1764 canumque
1334 1689 1610 1745 virescere
1635 1687 1807 1742 dorso

369 1776 611 1853 Othryn
628 1817 649 1841 ‚
664 1785 717 1830 et
741 1772 921 1830 Icaria
948 1769 1274 1852 Rhodopen
1299 1785 1619 1832 assueverat
1642 1772 1838 1830 umbra
1863 1791 1884 1844 ς

373 1866 447 1920 Et
469 1865 580 1939 jam
605 1860 935 1937 pampineos
960 1873 1212 1917 materna
1243 1861 1316 1918 ad
1343 1861 1547 1918 moenia
1576 1877 1768 1916 currus

371 1951 673 2007 Promovet
689 1987 704 2014 ‚
734 1946 956 2000 effrenae
981 1948 1183 2003 dextra
1204 1987 1221 2015 ‚
1249 1945 1496 2021 laevaque
1521 1954 1835 2020 sequuntur

369 2038 594 2110 Lynces
610 2072 625 2099 ‚
648 2042 706 2085 et
729 2029 843 2084 uda
861 2048 1018 2083 mero
1037 2028 1291 2084 lambunt
1310 2030 1621 2086 retinacula
1649 2028 1841 2102 tigres-

371 2119 507 2174 Post
532 2113 873 2170 exsultantes
893 2110 1069 2187 spolia
1095 2113 1421 2168 armentalia
1451 2125 1678 2191 portant

372 2199 802 2271 Seminecesque
817 2197 998 2271 lupo&
1012 2197 1318 2272 scissasque
1335 2198 1683 2254 Mimallones
1699 2215 1875 2255 ursas,

371 2275 498 2344 Nec
526 2282 821 2339 comitatus
846 2283 1028 2338 iners:
1060 2294 1190 2343 sunt
1213 2282 1330 2339 illie
1357 2285 1480 2352 Ira,
1516 2288 1800 2358 Furorque
1818 2325 1833 2353 ‚

369 2371 446 2426 Et
468 2371 672 2435 Metu3‚
700 2368 767 2422 et'
782 2364 993 2435 VirtuS,
1023 2379 1080 2424 et
1099 2388 1391 2444 nunquam
1417 2366 1635 2423 sobrius
1652 2362 1876 2439 Ardor,

369 2452 751 2527 Succiduique
781 2451 985 2526 gradus
1002 2496 1018 2520 ,
1045 2465 1102 2509 et
1122 2467 1298 2510 castra
1318 2453 1596 2511 simillima
1621 2454 1758 2529 regi.
1925 2458 1932 2463 '

365 2542 541 2617 Isque
568 2537 663 2593 ubi
689 2537 957 2614 pulverea
985 2539 1246 2598 Nemeen
1263 2541 1542 2601 effervere
1569 2540 1722 2597 nube

362 2622 680 2701 Conspicit,
711 2635 766 2678 et
793 2622 965 2679 solem
986 2626 1193 2682 radiis
1177 2647 1470 2724 ignescere
1499 2623 1668 2692 ferri,

358 2710 483 2768 Nec
503 2711 638 2766 dum
665 2711 999 2786 compositas
1018 2711 1195 2767 belli
1180 2734 1240 2766 m
1258 2713 1561 2766 certamina
1582 2709 1832 2768 Thebae.

361 2793 677 2850 Gonoussus
690 2794 842 2863 visis,
861 2804 1180 2870 quanquam
1195 2815 1293 2850 ore
1309 2805 1365 2850 et
1377 2814 1610 2893 corpore
1627 2804 1868 2865 mar-cet,

359 2876 611 2952 AEraque
631 2891 1045 2957 tympanaque,
1074 2893 1133 2937 et
1156 2879 1392 2937 biforem
1416 2881 1659 2939 reticere

500 2963 802 3019 tumultum
