2079 3613
565 320 632 387 '17
723 307 1154 369 SYLvAnUM‚
1206 306 1351 353 mn.
1403 305 1510 353 1v.
1656 286 1778 357 545

433 410 566 465 Non
590 407 739 464 mille
756 404 950 460 balant
971 399 1206 476 lanigeri
1226 416 1417 474 greges
1435 437 1453 466 ‚

409 551 416 558 ,
439 494 558 549 Nec
583 511 752 551 vacca
781 488 933 546 dulci
956 484 1131 561 mugit
1152 483 1441 540 adultero·

511 578 743 654 Unique
750 615 768 645 ,
795 575 839 631 si
861 573 1115 648 quandO,
1146 568 1369 626 canenti

579 665 770 721 Mutus
798 679 931 737 ager
957 655 1184 714 domino
1209 653 1489 711 reclamat.

433 738 542 827 Sed
570 785 715 829 term
742 767 939 844 primis
958 776 1091 842 post
1119 761 1360 840 patriam
1384 756 1520 814 mihi

437 857 654 912 Dilecta
679 853 867 921 curis,
901 851 996 906 hic
1021 869 1145 905 mea
1172 867 1267 903 cai
1270 863 1415 902 mma

509 937 715 1014 Regina
734 932 914 988 bellm
919 953 1011 989 um
1037 933 1230 1005 virago

581 1022 838 1077 Caesareo
861 1017 1139 1094 peraravit
1166 1035 1323 1071 auro.

423 1134 571 1190 Cum
596 1144 660 1187 tu
678 1128 896 1186 sodalis
922 1126 1089 1185 dulce
1115 1122 1422 1202 periculum

441 1215 720 1275 Connisus
747 1214 897 1270 omni
919 1226 1151 1288 pectore
1179 1208 1431 1278 tolleres;

508 1305 586 1357 Ut
615 1301 819 1357 Castor
845 1300 918 1355 ad
945 1310 1179 1353 cunctos
1209 1293 1483 1351 tremebat

582 1383 871 1461 Bebryciae
891 1383 1158 1459 strepitus
1184 1399 1385 1436 arenae.

436 1498 595 1554 Tene
617 1495 673 1551 in
698 1493 926 1553 remotis
950 1491 1193 1570 syrtibus
1219 1490 1342 1548 avia

437 1583 629 1660 L‘eptis
656 1576 908 1637 creavit?
931 1579 1045 1651 jam
1065 1579 1207 1633 feret
1230 1573 1453 1630 Indicas

480 1670 753 1734 ·‚Messes
785 1663 1146 1735 odoratisque
1170 1679 1297 1716 rara

495 1779 500 1786 ·
583 1749 856 1808 Cinnama
881 1745 1228 1825 praeripiet
1197 1743 1420 1800 Sabaeis.

443 1835 584 1933 Quis
601 1878 716 1915 non
738 1859 800 1914 in
821 1856 973 1914 omni
1000 1856 1212 1913 vertice
1237 1848 1457 1911 Romuli

443 1947 721 2020 Reptasse
749 1941 965 1998 dulcem
992 1938 1327 2015 Septimium
1349 1932 1553 2012 putet?

513 2028 652 2102 Quis
678 2028 832 2094 sonte
855 2028 893 2081 J
896 2039 1143 2095 uturnae
1172 2020 1381 2080 relictis

588 2112 872 2170 Uberibus
890 2154 904 2182 ,
929 2122 1096 2187 neget
1123 2129 1241 2167 esse
1264 2120 1485 2186 pastum
1501 2106 1531 2158 ’ἓ

441 2230 574 2285 Haec
599 2224 737 2280 mira
763 2221 985 2282 virtus.
1015 2219 1270 2318 pretinus
1296 2218 1605 2273 Ausonum.

438 2313 674 2378 Portus,
699 2307 916 2366 vadosae
938 2305 1163 2362 nescius
1188 2303 1391 2362 Africae
1408 2344 1424 2373 ,

515 2400 733 2463 Intres,
765 2391 1175 2466 adoptatusque
1196 2384 1437 2441 Thuscis

584 2474 911 2554 Gurgitibus
936 2492 1079 2549 puer
1106 2467 1388 2527 innatasti.

436 2590 548 2646 Hic
574 2603 780 2663 parvus
805 2583 954 2637 inter
976 2580 1216 2656 pignora
1244 2575 1427 2635 Curiae

445 2676 784 2737 ContentuS,
822 2666 935 2721 alto
962 2663 1173 2720 lumine
1197 2680 1465 2738 purpurae
1502 2651 1505 2655 “

515 2753 736 2815 Crescis
753 2794 770 2823 ,
797 2752 896 2810 sed
921 2752 1224 2805 immensos
1244 2747 1464 2805 labores

589 2840 787 2899 Indole
811 2836 1047 2916 patricia
1076 2847 1320 2892 secutus,

442 2956 570 3012 Non
597 2969 776 3014 sermo
799 2950 998 3005 Poenus
1013 2987 1030 3018 ‚
1061 2965 1171 3001 non
1195 2943 1423 3000 habitus
1443 2940 1544 2997 tibi
1560 2983 1577 3012 ,

450 3040 693 3100 Externa
717 3054 833 3096 non
857 3049 1015 3092 mens
1030 3072 1047 3105 ,
1072 3029 1275 3101 Italus.,
1305 3026 1515 3087 Italusz
