2079 3613
510 312 619 375 665
746 317 1192 383 THEBAIDOS,
1244 321 1387 388 ιη.
1437 323 1515 370 x,
1658 312 1785 392 307

291 435 323 464 α
344 415 506 469 Astra
535 425 773 484 vocant,
804 416 1053 490 coeioque
1075 415 1319 470 animam
1336 414 1501 492 (plus
1526 416 1789 493 concipe)

495 511 702 554 mutes·

289 606 320 636 κ
339 584 377 639 J
379 583 680 640 amdudum
706 585 813 640 hoc
841 583 1049 642 hilares
1072 586 1292 664 genitor
1312 583 1628 643 bacchatur
1650 583 1722 640 ad

241 735 244 736 ⁷
504 689 629 726 aras
649 712 664 739 ‚
1509 689 1515 694 ·

286 778 315 806 «
334 757 457 813 Hoc
484 756 640 831 ignes
660 799 675 826 ,
700 754 963 833 fibraeque
983 757 1181 813 volunt
1208 758 1351 814 :hoc
1373 769 1531 833 urget
1552 752 1781 834 Apollo.

285 861 315 889 α
338 840 709 914 Terrigenam
736 853 937 895 cuncto
962 842 1157 916 patrioe
1182 861 1290 917 pro
1315 833 1599 917 sanguine

503 934 766 998 poscunt.

279 1032 309 1060 et
330 1011 495 1062 Fama
520 1006 676 1062 canit
699 1005 946 1061 monitus
962 1047 978 1074 ,
1007 1007 1215 1082 gaudet
1240 1006 1511 1063 Cadmeia
1537 1004 1719 1081 pubes

280 1114 310 1144 κ
331 1090 503 1146 Certa
531 1087 613 1143 tui
643 1105 656 1143 ε
687 1107 822 1164 rape
850 1101 1032 1144 mente
1060 1090 1209 1144 Deos
1227 1129 1246 1159 ‚
1273 1108 1410 1165 rape
1432 1087 1624 1146 nobile

501 1172 553 1228 fa
563 1185 698 1227 tum.
1182 1191 1183 1196 ¹

279 1278 308 1308 α
330 1257 360 1312 I
381 1297 397 1327 ‚
426 1274 666 1333 precor,
698 1256 965 1313 accelera.
1001 1257 1090 1313 Ne
1122 1255 1415 1333 proximus
1438 1270 1682 1335 occupet

500 1342 771 1416 AEmon.»

345 1429 436 1489 Sic
466 1429 576 1485 ait·
608 1439 662 1484 et
689 1449 890 1504 magna
915 1430 1232 1487 cunctantis
1251 1444 1482 1506 pectora
1506 1432 1706 1489 dextra

269 1514 563 1573 Permulsit
583 1513 784 1585 tacite,
812 1535 1046 1590 seseque
1067 1514 1127 1570 in
1150 1518 1329 1571 corde
1346 1516 1597 1592 reliquit.

269 1599 540 1657 Fulminis
563 1598 717 1654 haud
742 1599 909 1657 citius
934 1598 1107 1655 radiis
1133 1602 1313 1655 afflata
1345 1618 1640 1675 cupressus
1658 1642 1674 1669 ,

269 1680 556 1740 Combibit
582 1682 811 1737 infestas
829 1725 846 1752 ,
871 1695 928 1738 et
954 1684 1144 1758 stirpe,
1173 1696 1228 1739 et
1253 1685 1466 1740 vertice
1486 1685 1734 1742 flammas
1753 1727 1769 1758 ,

269 1771 455 1841 Quam
479 1765 695 1841 juvenis
718 1809 733 1833 ,
761 1768 939 1823 multo
970 1786 1251 1845 possessus
1276 1768 1506 1826 numine
1531 1783 1730 1846 peetus
1752 1812 1768 1842 ,

267 1853 461 1912 Erexit
488 1873 684 1909 sensus
700 1898 716 1922 ,
739 1853 951 1930 letique
974 1852 1182 1909 invasit
1205 1874 1468 1911 amorem.

265 1938 345 1998 Ut
365 1959 500 1997 vero
522 1958 756 2007 aversae,
780 1958 1146 2015 gressumque
1166 1980 1182 2010 ,
1204 1938 1579 2014 habitumque

489 2027 731 2094 notavit,

264 2117 336 2169 Et
362 2112 602 2168 subitam
629 2112 657 2166 ἐι
684 2109 844 2167 terris
868 2109 925 2165 in
942 2110 1135 2168 nubila
1160 2131 1412 2168 crescere
1438 2111 1662 2178 Manto,

263 2198 592 2274 Obstupuit.
626 2220 654 2251 «
674 2196 1001 2273 Sequimur,
1027 2196 1240 2257 Divum
1264 2198 1591 2274 quicunque

483 2283 732 2349 vocasti,

262 2394 291 2421 κ
311 2372 427 2423 Nec
455 2367 605 2422 tarde
631 2385 918 2439 paremuS,
945 2366 1035 2421 ait.
1056 2390 1083 2417 n
1108 2369 1144 2424 J
1149 2370 1462 2442 amiamque
1488 2366 1766 2423 recedens

258 2457 568 2509 Instantem
594 2449 739 2503 vallo
765 2450 982 2523 Pyiium
1007 2461 1197 2504 tamen
1226 2456 1410 2524 Agrea
1435 2450 1593 2506 fixit:

256 2535 530 2612 Armigeri
557 2534 726 2589 fixum
757 2533 1061 2604 excipiunt.
1089 2535 1239 2588 Tum
1263 2535 1462 2609 vulgus
1484 2547 1715 2590 euntem

257 2627 569 2682 Auctorem
593 2615 781 2693 paciS,
810 2628 1288 2690 servatoremque,
1320 2618 1615 2691 Deumque

257 2699 854 2776 Conclamatgaudens
871 2742 887 2769 ,
917 2712 974 2755 et
993 2698 1250 2756 laudibus
1271 2699 1464 2776 implet
1489 2701 1758 2758 honestis.

152 2784 159 2791 ⁶
254 2797 495 2867 Jamque
523 2791 628 2845 iter
652 2787 725 2844 ad
752 2806 937 2843 muros
962 2805 1133 2842 cursu
1156 2787 1385 2842 festinus
1410 2785 1610 2843 anhelo

257 2879 512 2944 Obtinet,
540 2890 594 2932 et
619 2876 848 2932 miseros
872 2872 1076 2951 gaudet
1102 2873 1302 2931 vitasse
1328 2887 1627 2950 parentes;

172 2954 181 2975 ’
258 2964 407 3023 Cum
432 2960 646 3039 genitor
672 2958 1094 3038 (steteruntque
1124 2957 1287 3017 ambo
1305 3000 1324 3034 ‚
1353 2970 1407 3017 et
1430 2978 1535 3018 vox
1558 2957 1714 3019 haesit

476 3046 735 3126 utrinque
750 3087 766 3120 ,
