2079 3613
439 252 443 255 ’
521 276 616 346 142
721 272 1229 335 ACHILLEIDOS‚
1281 274 1424 322 mn.
1475 276 1559 325 11.
1657 264 1774 334 401

294 370 503 432 Blanda
530 371 728 426 Thetis
751 391 762 422 :
783 394 812 423 «
831 369 924 427 Sic
951 386 1085 445 ergo
1109 368 1312 444 gradus
1329 411 1345 440 ‚
1372 371 1451 427 sic
1470 383 1600 442 ora‘,

505 474 816 530 manusque
835 495 851 523 ‚
1291 488 1294 491 =

298 560 327 590 κ
353 539 492 595 Nate
511 580 530 608 ‚
558 540 732 608 feres;
760 538 1100 613 comitesque
1125 537 1305 593 modis
1331 537 1640 594 imitabere,

515 624 696 693 fictis,
1623 676 1636 703 l

295 731 325 759 c<
345 711 426 762 Ne
454 719 507 762 te
536 718 857 782 suspectum
885 705 1037 760 molli
1062 725 1176 760 non
1200 705 1425 761 misceat
1452 706 1586 762 aulae

290 814 320 844 α
344 795 560 848 Rector
579 830 596 860 ,
629 805 683 846 et
706 790 924 865 incepti
948 804 1187 864 pereant
1212 791 1509 846 mendacia
1537 791 1730 848 furti.»

361 877 515 931 Dixit
544 916 561 945 ‚
589 888 643 930 et
671 876 896 931 admoto
923 894 1038 930 non
1061 889 1240 930 cessat
1266 888 1692 935 comeretactu.

286 963 374 1017 Sic
401 960 498 1017 ubi
524 960 788 1031 virgineis
814 961 1025 1014 Hecate
1050 959 1251 1015 lassata
1277 959 1553 1033 pharetris
1579 1003 1595 1031 .,

212 1072 215 1073 ⁷
286 1044 383 1100 Ad
400 1057 622 1119 patrem
644 1043 986 1115 fratremque
1012 1041 1192 1108 redit,
1217 1060 1402 1096 comes
1418 1041 1593 1098 hoeret
1618 1044 1773 1101 eunti

284 1131 378 1183 Ma
388 1142 470 1183 ter
485 1168 501 1196 ‚
526 1126 725 1202 etipsa
746 1124 1008 1180 humeros
1027 1165 1046 1194 ,
1069 1135 1405 1199 exsertaque
1423 1123 1659 1181 brachia

514 1213 684 1269 velat.

293 1301 428 1375 Ipsa
454 1319 679 1367 arcum,
702 1295 1137 1372 pharetramque
1160 1294 1306 1352 locat
1322 1308 1659 1373 ,vestesque

481 1383 746 1441 .latentes
1337 1434 1352 1446 s

296 1467 577 1537 Deducit,
608 1483 940 1542 sparsosque
967 1463 1157 1523 studet
1177 1439 1518 1542 componere
1539 1467 1741 1525 crines·

361 1552 622 1607 Protinus
649 1547 968 1624 aggreditur
993 1566 1216 1623 regem,
1244 1561 1411 1623 atque
1437 1549 1517 1602 ibi
1533 1590 1550 1619 ‚

509 1633 751 1689 testibus
777 1629 921 1685 aris:
1443 1698 1446 1705 4

292 1742 320 1770 ι(
346 1721 508 1773 Hanc
532 1717 670 1784 tibi,
700 1716 778 1770 ait
796 1755 813 1783 ,
842 1713 1021 1770 nostri
1046 1734 1397 1789 germanam,
1425 1731 1637 1790 rector,

518 1799 754 1857 Achillis

296 1912 324 1942 cc
353 1886 592 1967 (Nonne
621 1883 778 1941 vides
801 1895 863 1939 ut
894 1894 984 1939 toi
986 1902 1052 1939 va
1078 1902 1280 1960 genaS,
1309 1884 1689 2004 aequandaque

514 1971 706 2029 fratri.
691 1969 716 2008 Ρ
731 1968 753 2047 )

293 2086 325 2113 «ι
345 2058 682 2116 Tiadimus:
709 2076 859 2110 aima
879 2053 1155 2123 humeriS‚
1182 2073 1483 2132 arcumque
1510 2041 1754 2113 animosa

513 2140 746 2220 petebat

294 2257 322 2286 ιι
343 2237 540 2297 Ferre,
570 2242 626 2283 et
650 2225 961 2282 Amazonio
989 2226 1268 2282 connubia
1295 2224 1505 2302 pellere
1531 2226 1673 2281 ritu·
1658 2267 1675 2294 ‚

293 2341 320 2370 α
348 2315 457 2371 Sed
482 2312 617 2368 mihi
643 2330 899 2367 curatum
924 2310 1058 2366 satis
1082 2323 1166 2366 est
1192 2329 1296 2384 pro
1324 2309 1497 2383 stirpe
1522 2308 1687 2366 virili.

293 2427 321 2456 ιι
341 2406 475 2460 Haec
505 2396 755 2452 calathos
781 2405 839 2449 et
864 2413 1020 2449 sacra
1049 2396 1209 2450 ferat.
1234 2399 1325 2450 Tu
1349 2396 1543 2470 frange

507 2478 755 2551 regendo

290 2591 318 2622 α
346 2562 685 2630 Indocilem‚
711 2581 1022 2637 sexumque
1045 2575 1202 2631 tene,
1232 2560 1367 2616 dum
1386 2561 1591 2617 nubilis
1608 2574 1738 2618 aetas

289 2676 319 2705 «
339 2646 762 2721 solvendusque
788 2644 1007 2720 pudor!
1037 2665 1182 2702 neve
1212 2663 1469 2701 exercere
1494 2659 1788 2721 protervas

289 2761 318 2790 «
337 2731 662 2811 Gymnadas
678 2773 691 2797 ,
720 2742 818 2787 aut
842 2729 1031 2787 lustris
1056 2749 1345 2787 nemorum
1367 2730 1620 2788 concede

500 2836 714 2893 vagari.

293 2929 324 2960 α
343 2906 499 2959 Intus
525 2901 608 2957 ale
631 2943 646 2968 ,
672 2914 729 2957 et
756 2900 964 2958 similes
987 2899 1133 2956 inter
1159 2897 1388 2955 seclude
1415 2899 1646 2976 puellas.

293 3012 322 3045 κ
345 2987 558 3043 Littore
584 2986 891 3066 praecipue,
919 2998 1204 3066 portuque
1231 3004 1421 3044 arcere
1447 2997 1742 3046 memento.
