<?xml version="1.0" encoding="UTF-8"?>
<!DOCTYPE html PUBLIC "-//W3C//DTD XHTML 1.0 Transitional//EN"
    "http://www.w3.org/TR/xhtml1/DTD/xhtml1-transitional.dtd">
<html xmlns="http://www.w3.org/1999/xhtml" xml:lang="en" lang="en">
 <head>
  <title>
</title>
<meta http-equiv="Content-Type" content="text/html;charset=utf-8" />
  <meta name='ocr-system' content='tesseract 3.04.00' />
  <meta name='ocr-capabilities' content='ocr_page ocr_carea ocr_par ocr_line ocrx_word'/>
</head>
<body>
  <div class='ocr_page' id='page_1' title='image "./operaadoptimeed00statgoog/operaadoptimeed00statgoog_0632.png"; bbox 0 0 2079 3613; ppageno 0'>
   <div class='ocr_carea' id='block_1_1' title="bbox 322 309 1779 393">
    <p class='ocr_par' dir='ltr' id='par_1_1' title="bbox 322 309 1779 393">
     <span class='ocr_line' id='line_1_1' title="bbox 322 309 1779 393; baseline -0.012 -21"><span class='ocrx_word' id='word_1_1' title='bbox 322 310 453 393; x_wconf 74' lang='lat'><strong>594</strong></span> <span class='ocrx_word' id='word_1_2' title='bbox 542 316 806 369; x_wconf 61' lang='lat' dir='ltr'><strong>muno.</strong></span> <span class='ocrx_word' id='word_1_3' title='bbox 861 314 957 362; x_wconf 74' lang='lat' dir='ltr'><strong>Au</strong></span> <span class='ocrx_word' id='word_1_4' title='bbox 1006 311 1215 362; x_wconf 81' lang='lat' dir='ltr'>CALP.</span> <span class='ocrx_word' id='word_1_5' title='bbox 1270 309 1609 358; x_wconf 73' lang='lat' dir='ltr'><strong>PISONEM.</strong></span> <span class='ocrx_word' id='word_1_6' title='bbox 1704 314 1779 382; x_wconf 82' lang='lat'><strong>78</strong></span> 
     </span>
    </p>
   </div>
   <div class='ocr_carea' id='block_1_2' title="bbox 308 404 1781 1423">
    <p class='ocr_par' dir='ltr' id='par_1_2' title="bbox 308 404 1781 1423">
     <span class='ocr_line' id='line_1_2' title="bbox 316 404 1612 487; baseline -0.012 -12"><span class='ocrx_word' id='word_1_7' title='bbox 316 417 500 475; x_wconf 85' lang='lat' dir='ltr'><strong>Testis</strong></span> <span class='ocrx_word' id='word_1_8' title='bbox 530 414 781 472; x_wconf 85' lang='lat' dir='ltr'><strong>Acidalia</strong></span> <span class='ocrx_word' id='word_1_9' title='bbox 809 430 934 487; x_wconf 82' lang='lat' dir='ltr'><strong>quae</strong></span> <span class='ocrx_word' id='word_1_10' title='bbox 959 406 1214 465; x_wconf 76' lang='lat' dir='ltr'><strong>condidit</strong></span> <span class='ocrx_word' id='word_1_11' title='bbox 1239 404 1367 461; x_wconf 81' lang='lat' dir='ltr'><strong>alite</strong></span> <span class='ocrx_word' id='word_1_12' title='bbox 1392 423 1612 473; x_wconf 66' lang='lat' dir='ltr'><strong>muros»,</strong></span> 
     </span>
     <span class='ocr_line' id='line_1_3' title="bbox 316 489 1725 564; baseline -0.011 -4"><span class='ocrx_word' id='word_1_13' title='bbox 316 505 623 560; x_wconf 78' lang='lat' dir='ltr'>Euboicam</span> <span class='ocrx_word' id='word_1_14' title='bbox 650 501 901 556; x_wconf 83' lang='lat' dir='ltr'><strong>reserens</strong></span> <span class='ocrx_word' id='word_1_15' title='bbox 924 492 1186 552; x_wconf 67' lang='lat' dir='ltr'><strong>foecunda</strong></span> <span class='ocrx_word' id='word_1_16' title='bbox 1215 489 1489 564; x_wconf 79' lang='lat' dir='ltr'><strong>Neapolis</strong></span> <span class='ocrx_word' id='word_1_17' title='bbox 1514 508 1725 545; x_wconf 84' lang='lat' dir='ltr'><strong>arcem.</strong></span> 
     </span>
     <span class='ocr_line' id='line_1_4' title="bbox 317 572 1694 662; baseline -0.015 -16"><span class='ocrx_word' id='word_1_18' title='bbox 317 588 507 662; x_wconf 83' lang='lat' dir='ltr'><strong>Qualis</strong></span> <span class='ocrx_word' id='word_1_19' title='bbox 528 630 543 654; x_wconf 85' lang='lat'>,</span> <span class='ocrx_word' id='word_1_20' title='bbox 569 592 628 641; x_wconf 81' lang='lat' dir='ltr'><strong>&#39;io</strong></span> <span class='ocrx_word' id='word_1_21' title='bbox 649 626 668 654; x_wconf 87' lang='lat'>‚</span> <span class='ocrx_word' id='word_1_22' title='bbox 693 582 919 661; x_wconf 81' lang='lat' dir='ltr'><strong>Superi!</strong></span> <span class='ocrx_word' id='word_1_23' title='bbox 948 579 1127 654; x_wconf 83' lang='lat' dir='ltr'><strong>qualis</strong></span> <span class='ocrx_word' id='word_1_24' title='bbox 1151 577 1304 632; x_wconf 79' lang='lat' dir='ltr'><strong>nitor</strong></span> <span class='ocrx_word' id='word_1_25' title='bbox 1327 574 1440 630; x_wconf 84' lang='lat' dir='ltr'><strong>oris</strong></span> <span class='ocrx_word' id='word_1_26' title='bbox 1463 572 1694 630; x_wconf 78' lang='lat' dir='ltr'><strong>amoenis</strong></span> 
     </span>
     <span class='ocr_line' id='line_1_5' title="bbox 316 657 1694 736; baseline -0.009 -10"><span class='ocrx_word' id='word_1_27' title='bbox 316 672 594 730; x_wconf 83' lang='lat' dir='ltr'>Vocibus!</span> <span class='ocrx_word' id='word_1_28' title='bbox 624 671 758 725; x_wconf 88' lang='lat' dir='ltr'><strong>hinc</strong></span> <span class='ocrx_word' id='word_1_29' title='bbox 784 666 962 725; x_wconf 84' lang='lat' dir='ltr'><strong>solido</strong></span> <span class='ocrx_word' id='word_1_30' title='bbox 987 663 1202 736; x_wconf 83' lang='lat' dir='ltr'><strong>fulgore</strong></span> <span class='ocrx_word' id='word_1_31' title='bbox 1229 660 1494 716; x_wconf 78' lang='lat' dir='ltr'><strong>micantia</strong></span> <span class='ocrx_word' id='word_1_32' title='bbox 1520 657 1694 716; x_wconf 78' lang='lat' dir='ltr'><strong>verba</strong></span> 
     </span>
     <span class='ocr_line' id='line_1_6' title="bbox 318 747 1526 833; baseline -0.011 -19"><span class='ocrx_word' id='word_1_33' title='bbox 318 759 641 833; x_wconf 67' lang='lat' dir='ltr'><strong>Implevere</strong></span> <span class='ocrx_word' id='word_1_34' title='bbox 669 756 849 819; x_wconf 82' lang='lat' dir='ltr'><strong>locos,</strong></span> <span class='ocrx_word' id='word_1_35' title='bbox 876 752 1011 808; x_wconf 85' lang='lat' dir='ltr'><strong>hinc</strong></span> <span class='ocrx_word' id='word_1_36' title='bbox 1039 758 1303 804; x_wconf 74' lang='lat' dir='ltr'><strong>exornata</strong></span> <span class='ocrx_word' id='word_1_37' title='bbox 1330 747 1526 821; x_wconf 77' lang='lat' dir='ltr'><strong>figuris</strong></span> 
     </span>
     <span class='ocr_line' id='line_1_7' title="bbox 317 832 1530 900; baseline -0.011 0"><span class='ocrx_word' id='word_1_38' title='bbox 317 841 561 900; x_wconf 84' lang='lat' dir='ltr'><strong>Advolat</strong></span> <span class='ocrx_word' id='word_1_39' title='bbox 591 859 821 897; x_wconf 81' lang='lat' dir='ltr'><strong>excusso</strong></span> <span class='ocrx_word' id='word_1_40' title='bbox 850 833 1015 893; x_wconf 72' lang='lat' dir='ltr'><strong>velox</strong></span> <span class='ocrx_word' id='word_1_41' title='bbox 1043 832 1319 889; x_wconf 70' lang='lat' dir='ltr'><strong>sententia</strong></span> <span class='ocrx_word' id='word_1_42' title='bbox 1345 844 1530 887; x_wconf 81' lang='lat' dir='ltr'><strong>torno.</strong></span> 
     </span>
     <span class='ocr_line' id='line_1_8' title="bbox 316 915 1704 1001; baseline -0.011 -18"><span class='ocrx_word' id='word_1_43' title='bbox 316 930 518 1001; x_wconf 79' lang='lat' dir='ltr'><strong>Magna</strong></span> <span class='ocrx_word' id='word_1_44' title='bbox 543 923 769 1000; x_wconf 85' lang='lat' dir='ltr'><strong>quidem</strong></span> <span class='ocrx_word' id='word_1_45' title='bbox 795 922 975 979; x_wconf 77' lang='lat' dir='ltr'><strong>virtus</strong></span> <span class='ocrx_word' id='word_1_46' title='bbox 1000 930 1118 974; x_wconf 82' lang='lat' dir='ltr'><strong>erat</strong></span> <span class='ocrx_word' id='word_1_47' title='bbox 1135 956 1153 988; x_wconf 86' lang='lat'>‚</span> <span class='ocrx_word' id='word_1_48' title='bbox 1185 928 1241 971; x_wconf 84' lang='lat' dir='ltr'><strong>et</strong></span> <span class='ocrx_word' id='word_1_49' title='bbox 1269 916 1315 970; x_wconf 80' lang='lat' dir='ltr'><strong>si</strong></span> <span class='ocrx_word' id='word_1_50' title='bbox 1338 915 1452 971; x_wconf 78' lang='lat' dir='ltr'><strong>sola</strong></span> <span class='ocrx_word' id='word_1_51' title='bbox 1479 915 1670 970; x_wconf 72' lang='lat' dir='ltr'><strong>fuisset</strong></span> <span class='ocrx_word' id='word_1_52' title='bbox 1687 955 1704 982; x_wconf 91' lang='lat'>‚</span> 
     </span>
     <span class='ocr_line' id='line_1_9' title="bbox 312 1000 1701 1085; baseline -0.009 -18"><span class='ocrx_word' id='word_1_53' title='bbox 312 1011 550 1085; x_wconf 84' lang='lat' dir='ltr'><strong>Eloquio</strong></span> <span class='ocrx_word' id='word_1_54' title='bbox 575 1022 829 1066; x_wconf 81' lang='lat' dir='ltr'><strong>sanctum</strong></span> <span class='ocrx_word' id='word_1_55' title='bbox 856 1004 1025 1060; x_wconf 88' lang='lat' dir='ltr'><strong>modo</strong></span> <span class='ocrx_word' id='word_1_56' title='bbox 1049 1000 1392 1077; x_wconf 81' lang='lat' dir='ltr'>permulcere</span> <span class='ocrx_word' id='word_1_57' title='bbox 1420 1012 1701 1068; x_wconf 82' lang='lat' dir='ltr'><strong>senatum;</strong></span> 
     </span>
     <span class='ocr_line' id='line_1_10' title="bbox 314 1090 1781 1169; baseline -0.008 -18"><span class='ocrx_word' id='word_1_58' title='bbox 314 1097 636 1152; x_wconf 85' lang='lat' dir='ltr'><strong>Exonerare</strong></span> <span class='ocrx_word' id='word_1_59' title='bbox 664 1093 784 1169; x_wconf 87' lang='lat' dir='ltr'><strong>pios</strong></span> <span class='ocrx_word' id='word_1_60' title='bbox 812 1090 1010 1157; x_wconf 79' lang='lat' dir='ltr'><strong>modo,</strong></span> <span class='ocrx_word' id='word_1_61' title='bbox 1041 1107 1191 1142; x_wconf 89' lang='lat' dir='ltr'><strong>nunc</strong></span> <span class='ocrx_word' id='word_1_62' title='bbox 1219 1105 1455 1141; x_wconf 79' lang='lat' dir='ltr'><strong>onerare</strong></span> <span class='ocrx_word' id='word_1_63' title='bbox 1480 1098 1781 1140; x_wconf 76' lang='lat' dir='ltr'><strong>nocentes·</strong></span> 
     </span>
     <span class='ocr_line' id='line_1_11' title="bbox 308 1171 1721 1254; baseline -0.01 -18"><span class='ocrx_word' id='word_1_64' title='bbox 308 1179 421 1236; x_wconf 89' lang='lat' dir='ltr'><strong>Sed</strong></span> <span class='ocrx_word' id='word_1_65' title='bbox 447 1196 617 1254; x_wconf 66' lang='lat' dir='ltr'><strong>super</strong></span> <span class='ocrx_word' id='word_1_66' title='bbox 643 1180 743 1232; x_wconf 79' lang='lat' dir='ltr'><strong>ista</strong></span> <span class='ocrx_word' id='word_1_67' title='bbox 773 1188 964 1231; x_wconf 83' lang='lat' dir='ltr'><strong>movet</strong></span> <span class='ocrx_word' id='word_1_68' title='bbox 993 1172 1195 1249; x_wconf 81' lang='lat' dir='ltr'><strong>plenus</strong></span> <span class='ocrx_word' id='word_1_69' title='bbox 1220 1171 1498 1245; x_wconf 81' lang='lat' dir='ltr'><strong>gravitate</strong></span> <span class='ocrx_word' id='word_1_70' title='bbox 1522 1188 1721 1245; x_wconf 63' lang='lat' dir='ltr'><strong>segen-</strong></span> 
     </span>
     <span class='ocr_line' id='line_1_12' title="bbox 310 1254 1705 1337; baseline -0.004 -21"><span class='ocrx_word' id='word_1_71' title='bbox 310 1265 513 1321; x_wconf 87' lang='lat' dir='ltr'><strong>Vultus</strong></span> <span class='ocrx_word' id='word_1_72' title='bbox 531 1306 547 1334; x_wconf 78' lang='lat'><strong>‚</strong></span> <span class='ocrx_word' id='word_1_73' title='bbox 579 1276 632 1319; x_wconf 91' lang='lat' dir='ltr'><strong>et</strong></span> <span class='ocrx_word' id='word_1_74' title='bbox 662 1261 885 1337; x_wconf 80' lang='lat' dir='ltr'><strong>insignis</strong></span> <span class='ocrx_word' id='word_1_75' title='bbox 909 1256 1246 1335; x_wconf 73' lang='lat' dir='ltr'><strong>praestringit</strong></span> <span class='ocrx_word' id='word_1_76' title='bbox 1271 1255 1509 1328; x_wconf 78' lang='lat' dir='ltr'><strong>imagine</strong></span> <span class='ocrx_word' id='word_1_77' title='bbox 1535 1254 1705 1311; x_wconf 79' lang='lat' dir='ltr'><strong>visus.</strong></span> 
     </span>
     <span class='ocr_line' id='line_1_13' title="bbox 310 1340 1552 1423; baseline -0.009 -18"><span class='ocrx_word' id='word_1_78' title='bbox 310 1349 464 1423; x_wconf 77' lang='lat' dir='ltr'><strong>Talis</strong></span> <span class='ocrx_word' id='word_1_79' title='bbox 492 1350 634 1404; x_wconf 90' lang='lat' dir='ltr'><strong>inest</strong></span> <span class='ocrx_word' id='word_1_80' title='bbox 659 1347 916 1416; x_wconf 88' lang='lat' dir='ltr'><strong>habitus,</strong></span> <span class='ocrx_word' id='word_1_81' title='bbox 944 1345 1168 1420; x_wconf 81' lang='lat' dir='ltr'><strong>qualem</strong></span> <span class='ocrx_word' id='word_1_82' title='bbox 1186 1383 1202 1412; x_wconf 87' lang='lat'>‚</span> <span class='ocrx_word' id='word_1_83' title='bbox 1232 1361 1335 1397; x_wconf 86' lang='lat' dir='ltr'><strong>nec</strong></span> <span class='ocrx_word' id='word_1_84' title='bbox 1362 1340 1552 1397; x_wconf 77' lang='lat' dir='ltr'><strong>dicere</strong></span> 
     </span>
    </p>
   </div>
   <div class='ocr_carea' id='block_1_3' title="bbox 311 1445 1627 1587">
    <p class='ocr_par' dir='ltr' id='par_1_3' title="bbox 311 1445 1627 1587">
     <span class='ocr_line' id='line_1_14' title="bbox 529 1445 782 1489; baseline -0.012 0"><span class='ocrx_word' id='word_1_85' title='bbox 529 1445 782 1489; x_wconf 81' lang='lat' dir='ltr'><strong>moestum</strong></span> 
     </span>
     <span class='ocr_line' id='line_1_15' title="bbox 311 1473 1627 1587; baseline -0.007 -10"><span class='ocrx_word' id='word_1_86' title='bbox 311 1521 431 1577; x_wconf 83' lang='lat' dir='ltr'><strong>Nec</strong></span> <span class='ocrx_word' id='word_1_87' title='bbox 454 1518 682 1576; x_wconf 84' lang='lat' dir='ltr'><strong>fluidum</strong></span> <span class='ocrx_word' id='word_1_88' title='bbox 706 1558 724 1587; x_wconf 90' lang='lat'>,</span> <span class='ocrx_word' id='word_1_89' title='bbox 751 1473 872 1572; x_wconf 66' lang='lat' dir='ltr'><strong>loe’ta</strong></span> <span class='ocrx_word' id='word_1_90' title='bbox 899 1515 997 1570; x_wconf 80' lang='lat' dir='ltr'><strong>sed</strong></span> <span class='ocrx_word' id='word_1_91' title='bbox 1021 1512 1322 1568; x_wconf 81' lang='lat' dir='ltr'><strong>tetricitate</strong></span> <span class='ocrx_word' id='word_1_92' title='bbox 1354 1513 1627 1568; x_wconf 81' lang='lat' dir='ltr'><strong>decorum</strong></span> 
     </span>
    </p>
   </div>
   <div class='ocr_carea' id='block_1_4' title="bbox 265 1594 1813 3123">
    <p class='ocr_par' dir='ltr' id='par_1_4' title="bbox 305 1594 1813 2614">
     <span class='ocr_line' id='line_1_16' title="bbox 307 1594 1604 1677; baseline -0.01 -15"><span class='ocrx_word' id='word_1_93' title='bbox 307 1608 598 1662; x_wconf 84' lang='lat' dir='ltr'>Possumus</span> <span class='ocrx_word' id='word_1_94' title='bbox 624 1622 639 1658; x_wconf 72' lang='grc' dir='ltr'>ε</span> <span class='ocrx_word' id='word_1_95' title='bbox 667 1600 931 1677; x_wconf 77' lang='lat' dir='ltr'><strong>ingenitae</strong></span> <span class='ocrx_word' id='word_1_96' title='bbox 955 1610 1061 1656; x_wconf 82' lang='lat' dir='ltr'><strong>stat</strong></span> <span class='ocrx_word' id='word_1_97' title='bbox 1085 1595 1393 1653; x_wconf 80' lang='lat' dir='ltr'><strong>nobilitatis</strong></span> <span class='ocrx_word' id='word_1_98' title='bbox 1420 1597 1476 1650; x_wconf 89' lang='lat' dir='ltr'><strong>in</strong></span> <span class='ocrx_word' id='word_1_99' title='bbox 1509 1594 1604 1650; x_wconf 88' lang='lat' dir='ltr'><strong>illo</strong></span> 
     </span>
     <span class='ocr_line' id='line_1_17' title="bbox 309 1680 1646 1760; baseline -0.01 -13"><span class='ocrx_word' id='word_1_100' title='bbox 309 1690 546 1747; x_wconf 84' lang='lat' dir='ltr'><strong>Pulcher</strong></span> <span class='ocrx_word' id='word_1_101' title='bbox 570 1688 747 1744; x_wconf 85' lang='lat' dir='ltr'><strong>honos</strong></span> <span class='ocrx_word' id='word_1_102' title='bbox 765 1729 781 1758; x_wconf 84' lang='lat'><strong>‚</strong></span> <span class='ocrx_word' id='word_1_103' title='bbox 811 1698 865 1742; x_wconf 89' lang='lat' dir='ltr'><strong>et</strong></span> <span class='ocrx_word' id='word_1_104' title='bbox 892 1684 1057 1760; x_wconf 78' lang='lat' dir='ltr'><strong>digna</strong></span> <span class='ocrx_word' id='word_1_105' title='bbox 1085 1683 1195 1739; x_wconf 89' lang='lat' dir='ltr'><strong>suis</strong></span> <span class='ocrx_word' id='word_1_106' title='bbox 1219 1680 1498 1737; x_wconf 85' lang='lat' dir='ltr'><strong>natalibus</strong></span> <span class='ocrx_word' id='word_1_107' title='bbox 1528 1700 1646 1735; x_wconf 86' lang='lat' dir='ltr'><strong>ora.</strong></span> 
     </span>
     <span class='ocr_line' id='line_1_18' title="bbox 309 1763 1678 1847; baseline -0.009 -14"><span class='ocrx_word' id='word_1_108' title='bbox 309 1774 561 1833; x_wconf 85' lang='lat' dir='ltr'><strong>Additur</strong></span> <span class='ocrx_word' id='word_1_109' title='bbox 586 1771 703 1830; x_wconf 89' lang='lat' dir='ltr'><strong>huc</strong></span> <span class='ocrx_word' id='word_1_110' title='bbox 726 1783 783 1827; x_wconf 91' lang='lat' dir='ltr'><strong>et</strong></span> <span class='ocrx_word' id='word_1_111' title='bbox 807 1773 948 1847; x_wconf 83' lang='lat' dir='ltr'><strong>justa</strong></span> <span class='ocrx_word' id='word_1_112' title='bbox 976 1767 1151 1837; x_wconf 80' lang='lat' dir='ltr'><strong>fides,</strong></span> <span class='ocrx_word' id='word_1_113' title='bbox 1178 1778 1233 1822; x_wconf 84' lang='lat' dir='ltr'><strong>et</strong></span> <span class='ocrx_word' id='word_1_114' title='bbox 1256 1766 1420 1842; x_wconf 84' lang='lat' dir='ltr'><strong>plena</strong></span> <span class='ocrx_word' id='word_1_115' title='bbox 1442 1763 1678 1841; x_wconf 82' lang='lat' dir='ltr'><strong>pudoris</strong></span> 
     </span>
     <span class='ocr_line' id='line_1_19' title="bbox 306 1852 1668 1931; baseline -0.009 -15"><span class='ocrx_word' id='word_1_116' title='bbox 306 1860 592 1928; x_wconf 81' lang='lat' dir='ltr'><strong>Libertas,</strong></span> <span class='ocrx_word' id='word_1_117' title='bbox 621 1858 946 1931; x_wconf 77' lang='lat' dir='ltr'><strong>animusque</strong></span> <span class='ocrx_word' id='word_1_118' title='bbox 969 1852 1115 1909; x_wconf 80' lang='lat' dir='ltr'><strong>mala</strong></span> <span class='ocrx_word' id='word_1_119' title='bbox 1140 1852 1424 1926; x_wconf 76' lang='lat' dir='ltr'><strong>ferrugine</strong></span> <span class='ocrx_word' id='word_1_120' title='bbox 1453 1867 1668 1926; x_wconf 86' lang='lat' dir='ltr'><strong>purus;</strong></span> 
     </span>
     <span class='ocr_line' id='line_1_20' title="bbox 307 1937 1663 2023; baseline -0.007 -23"><span class='ocrx_word' id='word_1_121' title='bbox 307 1947 558 2023; x_wconf 80' lang='lat' dir='ltr'><strong>Ipsaque</strong></span> <span class='ocrx_word' id='word_1_122' title='bbox 584 1962 842 2021; x_wconf 82' lang='lat' dir='ltr'><strong>possesso</strong></span> <span class='ocrx_word' id='word_1_123' title='bbox 863 1957 1022 1996; x_wconf 86' lang='lat' dir='ltr'><strong>meus</strong></span> <span class='ocrx_word' id='word_1_124' title='bbox 1049 1952 1133 1995; x_wconf 84' lang='lat' dir='ltr'><strong>est</strong></span> <span class='ocrx_word' id='word_1_125' title='bbox 1161 1937 1480 2013; x_wconf 82' lang='lat' dir='ltr'><strong>opulentior</strong></span> <span class='ocrx_word' id='word_1_126' title='bbox 1503 1955 1663 1991; x_wconf 82' lang='lat' dir='ltr'><strong>auro.</strong></span> 
     </span>
     <span class='ocr_line' id='line_1_21' title="bbox 307 2022 1702 2104; baseline -0.011 -15"><span class='ocrx_word' id='word_1_127' title='bbox 307 2033 447 2104; x_wconf 84' lang='lat' dir='ltr'><strong>Quis</strong></span> <span class='ocrx_word' id='word_1_128' title='bbox 474 2044 566 2088; x_wconf 89' lang='lat' dir='ltr'><strong>tua</strong></span> <span class='ocrx_word' id='word_1_129' title='bbox 593 2031 870 2087; x_wconf 80' lang='lat' dir='ltr'><strong>cultorum</strong></span> <span class='ocrx_word' id='word_1_130' title='bbox 887 2069 900 2091; x_wconf 89' lang='lat'>‚</span> <span class='ocrx_word' id='word_1_131' title='bbox 926 2023 1142 2098; x_wconf 87' lang='lat' dir='ltr'><strong>juvenis</strong></span> <span class='ocrx_word' id='word_1_132' title='bbox 1168 2022 1408 2079; x_wconf 79' lang='lat' dir='ltr'><strong>facunde</strong></span> <span class='ocrx_word' id='word_1_133' title='bbox 1427 2063 1445 2091; x_wconf 82' lang='lat'>,</span> <span class='ocrx_word' id='word_1_134' title='bbox 1470 2034 1702 2076; x_wconf 87' lang='lat' dir='ltr'><strong>tuorum</strong></span> 
     </span>
     <span class='ocr_line' id='line_1_22' title="bbox 305 2099 1813 2193; baseline -0.007 -21"><span class='ocrx_word' id='word_1_135' title='bbox 305 2117 525 2173; x_wconf 87' lang='lat' dir='ltr'><strong>Limina</strong></span> <span class='ocrx_word' id='word_1_136' title='bbox 552 2134 766 2193; x_wconf 83' lang='lat' dir='ltr'><strong>pauper</strong></span> <span class='ocrx_word' id='word_1_137' title='bbox 792 2112 909 2168; x_wconf 87' lang='lat' dir='ltr'><strong>adit</strong></span> <span class='ocrx_word' id='word_1_138' title='bbox 927 2154 942 2180; x_wconf 90' lang='lat'>‚</span> <span class='ocrx_word' id='word_1_139' title='bbox 971 2130 1137 2186; x_wconf 87' lang='lat' dir='ltr'><strong>quem</strong></span> <span class='ocrx_word' id='word_1_140' title='bbox 1165 2099 1289 2163; x_wconf 70' lang='lat' dir='ltr'>non.</span> <span class='ocrx_word' id='word_1_141' title='bbox 1310 2108 1556 2163; x_wconf 89' lang='lat' dir='ltr'><strong>animosa</strong></span> <span class='ocrx_word' id='word_1_142' title='bbox 1575 2106 1813 2162; x_wconf 85' lang='lat' dir='ltr'><strong>beatum</strong></span> 
     </span>
     <span class='ocr_line' id='line_1_23' title="bbox 307 2193 1665 2275; baseline -0.01 -17"><span class='ocrx_word' id='word_1_143' title='bbox 307 2202 568 2275; x_wconf 83' lang='lat' dir='ltr'><strong>Excipit,</strong></span> <span class='ocrx_word' id='word_1_144' title='bbox 599 2212 656 2256; x_wconf 88' lang='lat' dir='ltr'><strong>et</strong></span> <span class='ocrx_word' id='word_1_145' title='bbox 681 2198 866 2255; x_wconf 84' lang='lat' dir='ltr'><strong>subito</strong></span> <span class='ocrx_word' id='word_1_146' title='bbox 890 2200 1048 2271; x_wconf 84' lang='lat' dir='ltr'><strong>juvat</strong></span> <span class='ocrx_word' id='word_1_147' title='bbox 1074 2193 1417 2269; x_wconf 78' lang='lat' dir='ltr'><strong>indulgentia</strong></span> <span class='ocrx_word' id='word_1_148' title='bbox 1446 2193 1665 2248; x_wconf 76' lang='lat' dir='ltr'><strong>censu?</strong></span> 
     </span>
     <span class='ocr_line' id='line_1_24' title="bbox 307 2277 1698 2360; baseline -0.009 -17"><span class='ocrx_word' id='word_1_149' title='bbox 307 2288 589 2360; x_wconf 81' lang='lat' dir='ltr'><strong>Quodque</strong></span> <span class='ocrx_word' id='word_1_150' title='bbox 617 2284 789 2357; x_wconf 84' lang='lat' dir='ltr'><strong>magis</strong></span> <span class='ocrx_word' id='word_1_151' title='bbox 815 2282 969 2336; x_wconf 91' lang='lat' dir='ltr'><strong>dono</strong></span> <span class='ocrx_word' id='word_1_152' title='bbox 995 2279 1160 2334; x_wconf 83' lang='lat' dir='ltr'><strong>suerit</strong></span> <span class='ocrx_word' id='word_1_153' title='bbox 1186 2277 1483 2354; x_wconf 86' lang='lat' dir='ltr'><strong>pretiosior</strong></span> <span class='ocrx_word' id='word_1_154' title='bbox 1512 2277 1698 2348; x_wconf 85' lang='lat' dir='ltr'><strong>omni,</strong></span> 
     </span>
     <span class='ocr_line' id='line_1_25' title="bbox 305 2361 1605 2446; baseline -0.007 -20"><span class='ocrx_word' id='word_1_155' title='bbox 305 2369 502 2446; x_wconf 83' lang='lat' dir='ltr'><strong>Diligis</strong></span> <span class='ocrx_word' id='word_1_156' title='bbox 526 2390 594 2426; x_wconf 85' lang='lat' dir='ltr'><strong>ex</strong></span> <span class='ocrx_word' id='word_1_157' title='bbox 621 2386 781 2442; x_wconf 86' lang='lat' dir='ltr'><strong>aequo</strong></span> <span class='ocrx_word' id='word_1_158' title='bbox 798 2407 814 2435; x_wconf 84' lang='lat'>‚</span> <span class='ocrx_word' id='word_1_159' title='bbox 844 2382 952 2420; x_wconf 86' lang='lat' dir='ltr'><strong>nec</strong></span> <span class='ocrx_word' id='word_1_160' title='bbox 979 2376 1034 2419; x_wconf 87' lang='lat' dir='ltr'><strong>te</strong></span> <span class='ocrx_word' id='word_1_161' title='bbox 1061 2365 1283 2420; x_wconf 82' lang='lat' dir='ltr'><strong>fortuna</strong></span> <span class='ocrx_word' id='word_1_162' title='bbox 1312 2361 1605 2426; x_wconf 84' lang='lat' dir='ltr'><strong>clientum,</strong></span> 
     </span>
     <span class='ocr_line' id='line_1_26' title="bbox 306 2446 1726 2526; baseline -0.006 -14"><span class='ocrx_word' id='word_1_163' title='bbox 306 2454 609 2526; x_wconf 74' lang='lat' dir='ltr'><strong>Natalesve</strong></span> <span class='ocrx_word' id='word_1_164' title='bbox 634 2462 896 2521; x_wconf 82' lang='lat' dir='ltr'><strong>movent3</strong></span> <span class='ocrx_word' id='word_1_165' title='bbox 924 2449 1176 2526; x_wconf 84' lang='lat' dir='ltr'><strong>probitas</strong></span> <span class='ocrx_word' id='word_1_166' title='bbox 1201 2460 1490 2523; x_wconf 85' lang='lat' dir='ltr'><strong>spectatur</strong></span> <span class='ocrx_word' id='word_1_167' title='bbox 1514 2448 1568 2503; x_wconf 88' lang='lat' dir='ltr'><strong>in</strong></span> <span class='ocrx_word' id='word_1_168' title='bbox 1594 2446 1726 2503; x_wconf 81' lang='lat' dir='ltr'><strong>illis.</strong></span> 
     </span>
     <span class='ocr_line' id='line_1_27' title="bbox 306 2532 1670 2614; baseline -0.007 -17"><span class='ocrx_word' id='word_1_169' title='bbox 306 2539 471 2597; x_wconf 82' lang='lat' dir='ltr'><strong>Nulla</strong></span> <span class='ocrx_word' id='word_1_170' title='bbox 492 2536 861 2614; x_wconf 87' lang='lat' dir='ltr'><strong>superborum</strong></span> <span class='ocrx_word' id='word_1_171' title='bbox 888 2534 1178 2611; x_wconf 86' lang='lat' dir='ltr'><strong>patiuntur</strong></span> <span class='ocrx_word' id='word_1_172' title='bbox 1204 2532 1352 2588; x_wconf 89' lang='lat' dir='ltr'><strong>dicta</strong></span> <span class='ocrx_word' id='word_1_173' title='bbox 1377 2535 1632 2609; x_wconf 87' lang='lat' dir='ltr'><strong>jocorum</strong></span> <span class='ocrx_word' id='word_1_174' title='bbox 1649 2569 1670 2601; x_wconf 84' lang='lat'>,</span> 
     </span>
    </p>

    <p class='ocr_par' dir='ltr' id='par_1_5' title="bbox 265 2619 1391 2694">
     <span class='ocr_line' id='line_1_28' title="bbox 265 2619 1391 2694; baseline -0.007 -12"><span class='ocrx_word' id='word_1_175' title='bbox 265 2686 271 2694; x_wconf 57' lang='grc'>,</span> <span class='ocrx_word' id='word_1_176' title='bbox 308 2624 529 2681; x_wconf 83' lang='lat' dir='ltr'><strong>Nullius</strong></span> <span class='ocrx_word' id='word_1_177' title='bbox 557 2622 771 2677; x_wconf 84' lang='lat' dir='ltr'><strong>subitos</strong></span> <span class='ocrx_word' id='word_1_178' title='bbox 797 2620 976 2675; x_wconf 79' lang='lat' dir='ltr'><strong>adfert</strong></span> <span class='ocrx_word' id='word_1_179' title='bbox 1000 2619 1204 2694; x_wconf 81' lang='lat' dir='ltr'><strong>injuria</strong></span> <span class='ocrx_word' id='word_1_180' title='bbox 1229 2619 1391 2675; x_wconf 75' lang='lat' dir='ltr'><strong>risus,</strong></span> 
     </span>
    </p>

    <p class='ocr_par' dir='ltr' id='par_1_6' title="bbox 298 2702 1737 3123">
     <span class='ocr_line' id='line_1_29' title="bbox 305 2702 1680 2773; baseline -0.007 -6"><span class='ocrx_word' id='word_1_181' title='bbox 305 2712 469 2767; x_wconf 90' lang='lat' dir='ltr'><strong>Unus</strong></span> <span class='ocrx_word' id='word_1_182' title='bbox 495 2706 750 2763; x_wconf 82' lang='lat' dir='ltr'><strong>amicitiae</strong></span> <span class='ocrx_word' id='word_1_183' title='bbox 775 2721 1017 2761; x_wconf 85' lang='lat' dir='ltr'><strong>summos</strong></span> <span class='ocrx_word' id='word_1_184' title='bbox 1041 2716 1204 2760; x_wconf 82' lang='lat' dir='ltr'><strong>tenor</strong></span> <span class='ocrx_word' id='word_1_185' title='bbox 1228 2702 1400 2759; x_wconf 81' lang='lat' dir='ltr'><strong>ambit</strong></span> <span class='ocrx_word' id='word_1_186' title='bbox 1426 2716 1479 2760; x_wconf 89' lang='lat' dir='ltr'><strong>et</strong></span> <span class='ocrx_word' id='word_1_187' title='bbox 1510 2703 1680 2773; x_wconf 80' lang='lat' dir='ltr'><strong>imos,</strong></span> 
     </span>
     <span class='ocr_line' id='line_1_30' title="bbox 306 2792 1737 2867; baseline -0.005 -15"><span class='ocrx_word' id='word_1_188' title='bbox 306 2796 460 2852; x_wconf 85' lang='lat' dir='ltr'><strong>Rara</strong></span> <span class='ocrx_word' id='word_1_189' title='bbox 489 2794 689 2850; x_wconf 85' lang='lat' dir='ltr'><strong>domus</strong></span> <span class='ocrx_word' id='word_1_190' title='bbox 714 2807 937 2849; x_wconf 86' lang='lat' dir='ltr'><strong>tenuem</strong></span> <span class='ocrx_word' id='word_1_191' title='bbox 963 2812 1077 2847; x_wconf 87' lang='lat' dir='ltr'><strong>non</strong></span> <span class='ocrx_word' id='word_1_192' title='bbox 1110 2804 1437 2867; x_wconf 81' lang='lat' dir='ltr'><strong>aspernatur</strong></span> <span class='ocrx_word' id='word_1_193' title='bbox 1463 2792 1701 2846; x_wconf 86' lang='lat' dir='ltr'><strong>amicum</strong></span> <span class='ocrx_word' id='word_1_194' title='bbox 1718 2831 1737 2859; x_wconf 86' lang='lat'>‚</span> 
     </span>
     <span class='ocr_line' id='line_1_31' title="bbox 303 2871 1734 2954; baseline -0.003 -20"><span class='ocrx_word' id='word_1_195' title='bbox 303 2883 555 2954; x_wconf 84' lang='lat' dir='ltr'><strong>Raraque</strong></span> <span class='ocrx_word' id='word_1_196' title='bbox 581 2898 696 2934; x_wconf 88' lang='lat' dir='ltr'><strong>non</strong></span> <span class='ocrx_word' id='word_1_197' title='bbox 714 2875 982 2933; x_wconf 87' lang='lat' dir='ltr'><strong>humilem</strong></span> <span class='ocrx_word' id='word_1_198' title='bbox 1011 2876 1192 2931; x_wconf 61' lang='lat' dir='ltr'><strong>calcat</strong></span> <span class='ocrx_word' id='word_1_199' title='bbox 1224 2877 1426 2930; x_wconf 81' lang='lat' dir='ltr'><strong>fastosa</strong></span> <span class='ocrx_word' id='word_1_200' title='bbox 1448 2871 1734 2931; x_wconf 81' lang='lat' dir='ltr'><strong>clientem.</strong></span> 
     </span>
     <span class='ocr_line' id='line_1_32' title="bbox 304 2960 1699 3028; baseline -0.004 -9"><span class='ocrx_word' id='word_1_201' title='bbox 304 2962 430 3019; x_wconf 91' lang='lat' dir='ltr'><strong>Illic</strong></span> <span class='ocrx_word' id='word_1_202' title='bbox 454 2976 602 3019; x_wconf 81' lang='lat' dir='ltr'><strong>casta</strong></span> <span class='ocrx_word' id='word_1_203' title='bbox 630 2964 757 3020; x_wconf 86' lang='lat' dir='ltr'><strong>licet</strong></span> <span class='ocrx_word' id='word_1_204' title='bbox 783 2981 936 3019; x_wconf 86' lang='lat' dir='ltr'><strong>mens</strong></span> <span class='ocrx_word' id='word_1_205' title='bbox 953 3004 966 3028; x_wconf 90' lang='lat'><strong>‚</strong></span> <span class='ocrx_word' id='word_1_206' title='bbox 999 2973 1053 3017; x_wconf 84' lang='lat' dir='ltr'><strong>et</strong></span> <span class='ocrx_word' id='word_1_207' title='bbox 1078 2962 1197 3017; x_wconf 83' lang='lat' dir='ltr'><strong>sine</strong></span> <span class='ocrx_word' id='word_1_208' title='bbox 1227 2960 1457 3015; x_wconf 83' lang='lat' dir='ltr'><strong>crimine</strong></span> <span class='ocrx_word' id='word_1_209' title='bbox 1481 2971 1699 3014; x_wconf 86' lang='lat' dir='ltr'><strong>constet</strong></span> 
     </span>
     <span class='ocr_line' id='line_1_33' title="bbox 298 3042 1729 3123; baseline -0.001 -22"><span class='ocrx_word' id='word_1_210' title='bbox 298 3047 436 3109; x_wconf 72' lang='lat' dir='ltr'><strong>Vita</strong></span> <span class='ocrx_word' id='word_1_211' title='bbox 457 3085 473 3117; x_wconf 83' lang='lat'><strong>,</strong></span> <span class='ocrx_word' id='word_1_212' title='bbox 504 3060 687 3103; x_wconf 80' lang='lat' dir='ltr'><strong>tamen</strong></span> <span class='ocrx_word' id='word_1_213' title='bbox 713 3046 965 3122; x_wconf 69' lang='lat' dir='ltr'><strong>probitas</strong></span> <span class='ocrx_word' id='word_1_214' title='bbox 989 3065 1115 3103; x_wconf 87' lang='lat' dir='ltr'><strong>cum</strong></span> <span class='ocrx_word' id='word_1_215' title='bbox 1138 3056 1471 3123; x_wconf 80' lang='lat' dir='ltr'><strong>paupertate</strong></span> <span class='ocrx_word' id='word_1_216' title='bbox 1497 3042 1729 3118; x_wconf 82' lang='lat' dir='ltr'><strong>jacebit.</strong></span> 
     </span>
    </p>
   </div>
  </div>
 </body>
</html>
