2079 3613
544 351 612 422 37
705 341 1136 404 SYLVARUM⁷
1187 340 1334 387 ΜΒ.
1384 338 1498 386 111.
1645 296 1760 382 52¹1

286 465 310 496 α
338 449 557 500 Donum
583 443 819 498 immane
839 479 854 508 ,
885 436 1011 493 duci
1032 455 1047 506 ;
1076 447 1254 490 necte
1277 430 1497 509 plebeia

493 525 799 584 manebunt
1281 574 1290 577 v

285 634 310 663 a
336 613 504 682 Jura;
528 598 1031 666 Palatino⁰famulus
1045 602 1265 660 deberis
1286 599 1482 657 amori.

288 719 317 748 ι(
340 695 427 751 Nil
444 716 574 772 ego,
598 694 674 749 nil
695 734 711 763 ,
732 694 934 757 fateor,
958 702 1075 745 toto
1098 700 1209 744 tam
1230 686 1391 742 dulce
1412 683 1513 739 sub
1531 679 1667 737 orbe

287 803 316 832 α
337 783 450 837 Aut
476 780 620 848 vidi,
643 791 740 834 aut
766 774 955 855 genui.
985 773 1163 831 Cedat
1183 771 1284 827 tibi
1298 767 1546 825 Latmius
1567 762 1739 831 ultre,

289 888 320 914 α
345 863 750 941 Sangariusque
777 878 919 935 puer
944 881 959 926 ς
989 876 1265 934 quemque
1293 853 1447 911 irrita
1463 848 1635 908 fontis

510 948 692 1022 imago
721 986 737 1015 ,

287 1061 314 1090 α
344 1038 414 1101 Et
441 1032 648 1091 sterilis
673 1026 1017 1104 consumpsit
1046 1045 1222 1081 amor.
1244 1027 1327 1079 Te
1356 1019 1559 1105 querula
1577 1018 1711 1076 Nais

208 1190 216 1197 ,
288 1147 316 1175 κ
338 1120 568 1191 Manet,
599 1130 656 1173 et
683 1135 965 1193 appi-ensa
988 1111 1248 1170 traxisset
1273 1108 1473 1166 fortius
1492 1127 1645 1162 urna.

291 1230 321 1259 α
344 1208 460 1274 Tu,
487 1224 632 1280 puer
653 1244 668 1272 ‚
698 1215 826 1258 ante
848 1217 1070 1256 omnes:
1099 1197 1246 1254 solus
1268 1192 1562 1251 formosior
1579 1189 1671 1246 ille
1690 1231 1705 1259 ‚

290 1315 321 1346 κ
345 1290 452 1349 Cui
470 1288 708 1346 daberis,
727 1311 756 1340 n
784 1287 878 1345 Sic
899 1305 1022 1342 orsa
1037 1327 1053 1355 ,
1078 1283 1233 1341 leves
1258 1299 1441 1338 secum
1462 1277 1582 1353 ipsa
1605 1294 1710 1353 per

503 1374 664 1430 auras
1091 1379 1097 1384 ’
1181 1371 1189 1378 ’

288 1457 458 1537 qulit
480 1500 497 1529 ,
527 1457 853 1531 olorinaque
873 1453 1031 1529 jubet
1055 1453 1341 1510 considere
1351 1449 1503 1526 biga.

287 1544 411 1600 Nec
433 1563 586 1600 mora
609 1565 621 1601 ε
646 1544 759 1617 jam
776 1539 924 1596 Latii
942 1551 1161 1596 montes
1177 1578 1193 1605 ,
1215 1534 1531 1610 veterisque
1555 1539 1789 1605 penates

286 1625 569 1696 Evandri,
598 1644 738 1700 quos
756 1621 902 1677 mole
924 1641 1071 1677 nova
1089 1634 1255 1695 pater
1279 1619 1526 1694 inclytus
1547 1613 1697 1670 urbis

288 1709 509 1767 Excolit
532 1750 550 1779 ‚
572 1722 628 1764 et
655 1706 881 1764 summis
904 1719 1092 1781 aequat
1117 1701 1486 1760 Germanicus
1506 1699 1684 1756 astris.

289 1795 453 1850 Tunc
474 1793 713 1871 propior
728 1793 842 1867 jam
867 1811 998 1847 cura
1020 1791 1155 1845 Deae
1174 1833 1187 1856 ‚
1216 1808 1339 1865 quae
1358 1786 1551 1842 sorma’
1574 1781 1791 1861 capillis

287 1880 513 1955 Optima
534 1923 552 1948 ‚
579 1899 703 1955 quae
723 1877 893 1934 vestis
912 1894 1100 1931 roseos
1121 1874 1434 1930 accendere
1460 1869 1647 1928 vultus

289 1968 435 2038 Apta
456 1987 470 2030 ;
498 1962 651 2038 quod
674 1964 729 2017 in
756 1960 972 2037 digitis,
995 1959 1140 2016 collo
1162 1958 1313 2034 quod
1333 1954 1554 2032 dignius
1572 1969 1793 2008 aurun)⁴

294 2049 477 2105 Norat
499 2049 752 2105 coelestes
781 2044 974 2102 oculos
1001 2044 1159 2099 ducis
1178 2084 1195 2112 ,
1217 2042 1448 2118 ipsaque
1469 2040 1633 2094 taedas

291 2132 330 2188 J
333 2145 568 2189 unxerat
585 2172 602 2201 ,
632 2143 687 2186 et
707 2131 877 2206 plena
905 2128 1139 2185 dederat
1163 2124 1441 2181 connubia
1462 2121 1680 2179 dextra.

290 2215 383 2273 Sic
401 2227 565 2271 ornat
592 2214 769 2296 crines
788 2257 802 2283 ‚
828 2214 1028 2292 Tyrios
1056 2212 1135 2268 sic
1152 2209 1335 2267 fundit
1359 2209 1628 2277 amictus;

292 2300 404 2358 Dat
425 2300 611 2355 radios
635 2300 934 2375 ignemque
960 2317 1141 2354 suum.
1166 2300 1394 2354 Cessare
1418 2293 1637 2371 priores

291 2384 551 2453 Deliciae,
582 2384 959 2456 famulumque
986 2401 1208 2458 greges:
1232 2382 1328 2437 hic
1353 2378 1552 2455 pocula
1570 2394 1768 2452 magno

291 2472 476 2528 Prima
493 2469 640 2538 duci,
665 2488 759 2543 my
768 2465 1031 2542 rrhasque
1046 2486 1213 2542 puer,
1226 2466 1589 2543 crystallaque
1602 2474 1793 2541 portat

300 2554 646 2619 Candidiore
672 2574 839 2607 manu
870 2573 884 2607 :
916 2553 1120 2607 crescit
1143 2572 1288 2608 nova
1317 2549 1494 2627 gratia
1512 2548 1762 2608 Baccho,

298 2642 447 2697 Care
473 2659 616 2714 puer
633 2682 648 2708 ,
669 2636 886 2714 superis
911 2636 1009 2711 qui
1032 2633 1319 2711 praelibare
1339 2633 1648 2691 verendum
1685 2670 1687 2674 ν

299 2731 511 2785 Nectar
527 2766 542 2793 ‚
567 2735 624 2781 et
645 2724 929 2798 ingentem
949 2720 1111 2776 toties
1130 2719 1451 2793 contingere
1464 2719 1723 2774 dextram

299 2812 527 2869 Electus
546 2851 560 2877 ,
580 2828 750 2884 quam
769 2826 933 2861 nosse
947 2808 1102 2862 Gelae
1116 2847 1132 2876 ,
1157 2824 1323 2879 quam
1341 2816 1571 2878 tangere
1584 2797 1761 2856 Pers’ae
1774 2841 1790 2869 ‚

303 2893 671 2970 Armeniique
685 2934 701 2962 ‚
733 2891 971 2966 Indique
991 2892 1227 2966 petunt!
1248 2888 1301 2945 Ο
1317 2888 1501 2944 sidere
1521 2886 1721 2942 dextro

302 2981 464 3038 Edite
488 2983 504 3032 1
536 2977 706 3033 multa
729 2977 831 3033 tibi
851 2976 1056 3034 Divum
1084 2971 1428 3051 indulgentia
1454 2972 1614 3029 favit.

377 3066 527 3124 Olim
552 3066 717 3123 etiam
736 3106 751 3137 ,
780 3082 850 3119 ne
875 3062 1058 3141 prima
1075 3079 1245 3139 genas
1263 3059 1471 3139 lanugo
1490 3058 1735 3115 nitentes
