2079 3613
291 306 418 375 342
564 316 1013 380 ΤΗΕΒΑιῡοε,
1069 320 1214 368 ΜΒ.
1265 321 1373 368 x1.
1470 317 1576 375 532

286 413 424 486 Igne
453 423 698 470 tremunt
724 413 872 471 oculi
891 456 907 482 ‚
931 414 1235 491 lunataque
1262 414 1525 475 dentibus
1552 416 1709 473 uncis

286 494 402 551 Ora
426 513 644 554 sonant.
675 502 911 575 Spectat
936 521 1184 578 pugnas,
1217 502 1288 558 de
1315 521 1460 578 rupe

496 586 817 662 propinqua
835 627 851 656 ‚

279 679 542 740 Venator
566 683 784 760 pallens
804 729 818 753 ‚
846 686 1184 762 canibusque
1213 686 1427 744 silentia
1457 686 1676 743 suadet.

282 765 375 821 Sic
403 768 555 824 avidi
580 770 874 827 incurrunt
901 792 914 826 :
943 773 1189 829 necdum
1213 772 1396 829 letalia
1423 773 1659 828 miscent

282 849 561 921 Vulnera;
591 856 691 911 sed
713 868 926 933 coeptus
951 857 1205 934 sanguiS‚
1238 857 1562 932 facinusque

491 953 782 1013 peractum
807 963 823 1008 3

287 1026 408 1080 Nec
435 1024 544 1097 jam
574 1046 714 1103 opus
735 1040 816 1084 est
844 1027 1039 1085 furiis:
1070 1041 1287 1087 tantum
1317 1029 1620 1097 mirantur,
1652 1038 1708 1081 et

451 1151 454 1152 γ
502 1109 724 1167 adstant

287 1205 609 1265 Laudanses
626 1250 641 1279 ‚
672 1211 1079 1288 hominumque
1105 1213 1299 1269 dolent
1324 1212 1452 1290 plus
1479 1230 1644 1287 posse

499 1295 735 1352 furores.

299 1383 302 1384 ⁷
358 1391 576 1448 Fratris
601 1406 836 1469 uterque
862 1395 1054 1450 furens
1079 1394 1237 1470 cupit
1255 1435 1271 1466 ,
1296 1395 1637 1471 affectatque

500 1495 754 1542 eruorem
776 1519 793 1547 ,

286 1574 358 1627 Et
385 1574 565 1628 nescit
590 1594 813 1632 manare
839 1594 1021 1631 suum.
1051 1576 1305 1632 Tandem
1333 1575 1496 1632 irruit
1524 1576 1678 1632 exsul
1701 1619 1716 1645 ,

287 1655 671 1734 Hortatusque
693 1681 912 1715 manum
931 1702 946 1731 ,
979 1660 1069 1716 cui
1100 1659 1301 1718 sortior
1321 1662 1436 1729 ira,
1466 1661 1741 1734 nefasque

290 1744 325 1797 J
329 1742 532 1813 ustius‚
558 1743 668 1801 alte
699 1765 881 1802 ensem
903 1745 1151 1822 germani
1171 1745 1227 1801 in
1252 1766 1491 1824 corpore
1517 1746 1720 1823 pressit
1744 1787 1759 1818 ,

289 1830 412 1900 Qua
442 1828 585 1885 male
609 1832 719 1905 jam
749 1832 956 1908 plumis
981 1832 1124 1888 imus
1150 1832 1289 1909 tegit
1317 1832 1543 1908 inguina
1573 1830 1794 1890 thorax.

289 1911 395 1969 Ille
424 1913 623 1973 dolens
648 1917 897 1974 nondum
914 1960 930 1986 ,
958 1918 1064 1974 sed
1085 1919 1221 1975 ferri
1245 1917 1452 1992 frigore
1471 1916 1655 1993 primo

288 1999 571 2069 Territus,
602 2004 658 2058 in
684 2005 946 2079 clypeum
978 2004 1231 2059 turbatus
1260 2002 1469 2077 colligit
1494 2014 1664 2057 artus·

290 2087 426 2143 Mox
454 2089 743 2145 intellecto
770 2088 943 2164 magis
970 2108 1033 2144 ac
1058 2088 1232 2162 magis
1254 2109 1399 2163 aeger
1427 2088 1656 2143 anhelat

292 2170 570 2242 Vulnere3
599 2194 709 2229 nec
735 2172 917 2248 parcit
937 2172 1194 2242 cedenti,
1228 2183 1397 2247 atque
1429 2172 1689 2249 increpat

424 2295 431 2303 ·
508 2255 719 2314 hostis:
773 2254 780 2259 “

355 2376 394 2405 τι
417 2358 543 2427 Quo
572 2354 810 2410 retrahis
829 2396 845 2426 ‚
876 2374 1136 2431 germane
1155 2395 1170 2425 ‚
1194 2352 1441 2431 gradus?
1468 2374 1501 2410 ο
1533 2351 1798 2429 languida

513 2459 740 2510 somno,

294 2560 322 2590 α
345 2541 416 2594 Et
444 2537 627 2614 regnis
652 2539 838 2595 effoeta
863 2506 1020 2614 q'uies
1041 2543 1055 2593 Ξ
1083 2537 1364 2614 longaque
1389 2542 1492 2594 sub
1518 2538 1713 2596 umbra

295 2646 323 2676 ι(
344 2622 623 2700 Imperia!
657 2623 849 2681 exsilio
874 2624 1157 2700 rebusque
1185 2625 1433 2680 exercita
1459 2623 1652 2698 egenis

298 2732 327 2762 κ
350 2710 605 2766 Membra
626 2709 801 2768 vides.
836 2710 1002 2769 Disce
1028 2731 1179 2767 anna
1207 2709 1358 2785 pati,
1380 2729 1487 2766 nec
1512 2709 1688 2766 fidere

511 2794 670 2852 laetis.
691 2820 720 2850 ι)

337 2964 338 2967 ¹
363 2890 453 2948 Sic
479 2906 735 2967 pugnant
762 2891 968 2950 miseri.
995 2889 1270 2948 Restabat
1296 2888 1433 2944 lassa
1458 2888 1697 2946 nefando

293 2976 425 3037 Vita
454 2976 621 3047 duci,
651 2996 1006 3055 summusque
1037 2994 1233 3047 cruor;
1261 2985 1640 3052 poterantque

519 3083 828 3143 ParumPQ‘
891 3084 894 3087 ’
