2079 3613
453 321 562 395 689
688 320 1098 374 ‘rnnssamos
1114 359 1130 389 ,
1184 327 1326 377 mn.
1379 324 1539 379 vm.
1686 323 1810 405 239

316 416 515 493 Cuspis
539 416 596 473 in
621 418 958 496 armigerum
982 419 1264 496 Phlegiam
1288 426 1580 498 peccavit:
1609 425 1687 484 ibi

533 504 727 578 ingens
1510 586 1515 587 V

316 587 503 660 Pugna
529 588 710 644 virum
734 607 749 644 t
773 588 967 646 stricto
991 609 1117 645 nam
1144 591 1338 649 saevior
1359 594 1518 650 irruit
1540 600 1670 651 ense

315 670 529 728 AEtolus
548 715 564 743 ‚
590 685 856 749 retroque
883 674 1075 730 datum
1099 675 1374 734 Thebana
1399 680 1667 755 tegebant

311 759 481 812 Arma
508 756 728 814 ducem.
759 757 847 815 Sic
874 757 1048 815 densa
1071 761 1265 837 lupum
1284 765 1397 838 jam
1416 775 1583 820 nocte
1606 764 1712 820 sub

528 856 647 898 atra

310 924 491 980 Arcet
514 925 585 978 ab
612 947 893 1001 apprenso
915 942 1201 1003 pastorum
1225 932 1388 989 turba
1412 938 1668 1009 juvenco.

309 1008 607 1081 Improbus
632 1008 859 1080 erigitur
882 1024 1074 1071 contra
1089 1054 1105 1081 ,
1133 1035 1241 1069 nec
1266 1035 1401 1070 cura
1423 1031 1674 1076 vetantes

310 1088 598 1166 Impetere
615 1132 631 1161 ,
660 1091 812 1146 illum
831 1132 848 1159 ,
875 1091 1025 1148 illum
1042 1133 1057 1163 ‚
1086 1096 1258 1152 semel
1283 1098 1342 1152 in
1360 1119 1524 1171 quem
1552 1120 1803 1177 venerat,

535 1187 719 1250 urget.

289 1316 296 1321 ‚
382 1256 435 1310 N
439 1277 509 1311 on
536 1277 697 1316 secus
716 1258 959 1334 objectas
980 1263 1157 1334 acies,
1184 1264 1515 1344 turbamque
1536 1270 1807 1339 minorem

306 1339 628 1398 Dissimulat
646 1387 662 1415 ‚
689 1344 996 1422 transitque
1022 1368 1214 1407 manu.
1247 1352 1459 1408 Tamen
1487 1374 1585 1411 ora

351 1489 357 1495 ι
531 1429 803 1487 Thoantis
1241 1496 1252 1511 s
1438 1502 1447 1503 a

301 1511 534 1569 Pectora
560 1515 852 1587 Deilochi,
879 1516 1066 1573 Clonii
1089 1518 1258 1590 latus,
1288 1520 1378 1577 ilia
1401 1525 1548 1581 torvi

300 1595 554 1655 Perforat
579 1600 934 1676 Hippotadae.
965 1604 1206 1660 Truncis
1231 1623 1329 1661 sua
1353 1608 1606 1665 membra
1689 1614 1699 1622 ”

524 1685 761 1742 remittit
1580 1702 1585 1707 ’

300 1767 599 1824 Interdum
617 1811 634 1837 ‚
665 1769 953 1845 galeasque
977 1785 1126 1835 rotat
1149 1794 1251 1850 per
1275 1775 1464 1832 nubila
1493 1777 1723 1852 plenas;

299 1853 370 1907 Et
394 1854 506 1926 jam
529 1853 862 1928 corporibus
887 1874 1002 1910 sese
1018 1897 1033 1923 ,
1062 1857 1361 1933 spoliisque
1387 1860 1691 1917 cadentum

300 1936 593 1996 Clauserat
621 1957 636 1994 z
666 1958 839 1995 unum
862 1939 1014 1995 acies
1037 1941 1249 1997 circum
1273 1943 1648 2002 consumitur:

524 2044 726 2080 unum·
757 2060 768 2068 «

297 2108 498 2166 Omnia
532 2108 640 2165 tela
662 2119 867 2168 vovent
891 2101 914 2166 :⁵
936 2110 1162 2169 summis
1180 2112 1300 2168 haec
1319 2113 1536 2172 ossibus
1554 2115 1795 2192 haerent,

297 2193 427 2249 Pars
450 2195 709 2253 frustrata
735 2196 973 2268 cadunt,
996 2210 1221 2275 partem
1244 2199 1497 2258 Tritonia
1521 2202 1704 2277 vellit,

297 2277 473 2334 Multa
498 2280 682 2356 rigent
707 2283 929 2359 clypeo,
958 2286 1159 2341 Densis
1181 2287 1293 2361 jam
1319 2287 1563 2354 consitus
1586 2288 1760 2348 hastis

293 2357 580 2419 Ferratum
613 2368 797 2440 quatit
820 2369 991 2423 umbo
1023 2390 1252 2438 nemuS‚
1288 2379 1557 2449 tergoque
1595 2375 1800 2435 fatiscit

297 2447 484 2519 Atque
509 2446 752 2504 humeris
778 2451 996 2526 gentilis
1020 2473 1191 2529 apert
1217 2473 1492 2532 nusquam
1519 2458 1697 2515 ardua

524 2547 653 2585 com
709 2555 715 2560 ·
1100 2559 1112 2571 ·

296 2611 487 2669 Gloria
503 2656 516 2681 ‚
539 2615 746 2690 quique
765 2617 984 2692 apicem
1009 2629 1179 2673 torvae
1204 2620 1486 2678 Gradivus
1511 2621 1759 2681 habebat

295 2698 540 2756 Cassidis
554 2742 570 2772 ,
599 2701 754 2758 haud
775 2701 961 2759 laetum
979 2702 1211 2760 domino
1232 2704 1343 2760 ruit
1363 2725 1556 2763 omen:
1695 2700 1703 2714 ³

502 2788 686 2844 inusta

297 2871 664 2948 Temporibus
689 2873 840 2930 nuda
865 2865 972 2930 aera
992 2873 1217 2945 sedent,
1241 2877 1562 2952 circumque
1580 2883 1790 2955 sonori,

297 2956 520 3012 Vertice
545 2977 804 3033 percusso
821 3000 837 3028 ,
867 2958 1169 3019 volvuntur
1188 2961 1247 3016 in
1268 2981 1417 3017 arma
1437 2960 1689 3021 molares

297 3038 332 3093 J
337 3058 424 3105 am
451 3058 612 3099 cruor
639 3043 696 3100 in
720 3044 877 3121 galea
902 3064 915 3101 :
944 3048 1059 3122 jam
1082 3047 1270 3107 saucia
1294 3046 1500 3123 proluit
1523 3061 1645 3106 ater
