2079 3613
252 220 330 291 14
568 224 1010 306 TnBBAIDOS,
1063 227 1208 275 mn.
1260 226 1314 276 1.
1409 224 1524 302 309

243 323 513 397 Desiluit,
544 325 817 401 tenuique
844 334 1113 401 exceptus
1131 322 1410 380 inhorruit
1432 343 1585 380 aura.

244 411 365 467 Nec
389 429 574 467 mora:
605 409 864 467 sublimes
888 409 1095 485 raptim
1114 429 1215 485 per
1234 408 1402 465 inane
1421 408 1641 466 volatus

246 497 444 573 Carpit
466 538 483 568 ,
518 509 575 553 et
598 496 813 576 ingenti
834 494 1091 571 designat
1107 494 1300 552 nubila
1326 514 1490 574 gyro.

322 586 546 642 Interea
571 583 770 662 patriis
795 583 927 639 olim
950 602 1125 658 vagus
1153 583 1311 639 exsul
1336 583 1408 639 ab
1434 583 1547 640 oris

245 670 738 746 OEdipodionides
757 670 949 727 furtim
977 670 1200 726 deserta
1225 683 1481 746 pererrat

242 754 466 811 Aoniae!
488 758 600 830 jam
615 756 842 832 jamque
869 755 1067 812 animis
1092 754 1236 813 male
1264 755 1457 813 debita
1481 777 1661 833 regna

245 842 534 919 Concipit,
555 856 613 899 et
630 843 859 920 longum
873 885 893 911 ,
911 841 1083 920 signis
1104 844 1521 915 cunctantibus,
1542 863 1752 902 annum

243 933 400 986 Stare
415 929 616 1005 gemit.
639 931 826 986 Tenet
845 949 955 986 una
981 929 1108 986 dies
1128 943 1435 1006 noctesque
1456 948 1755 989 recursans

244 1015 396 1071 Cura
419 1015 601 1071 virum
616 1056 633 1086 ,
662 1015 708 1071 si
731 1015 956 1090 quando
973 1012 1245 1072 humilem
1272 1015 1549 1072 decedere
1575 1035 1754 1093 regno

242 1105 616 1172 Germanum,
637 1114 694 1159 et
714 1115 886 1160 semet
902 1101 1146 1172 Thebis,
1171 1101 1483 1180 opibusque
1504 1103 1752 1180 potitum

247 1191 547 1260 Cerneret3
575 1189 684 1245 hac
704 1207 884 1246 aevum
906 1189 1102 1262 cupiat
1126 1207 1233 1265 pro
1258 1189 1387 1245 luce
1414 1189 1645 1266 pacisci.

248 1276 415 1332 Nunc
433 1275 689 1352 queritur
705 1293 809 1330 ceu
826 1273 989 1330 tarda
1006 1275 1150 1348 fngae
1165 1272 1486 1350 dispendia:
1506 1273 1607 1330 sed
1626 1293 1759 1331 mox

246 1358 464 1418 Attouit
489 1362 650 1418 flatus
676 1360 860 1430 ducis,
889 1372 947 1416 et
973 1358 1183 1415 sedisse
1206 1358 1510 1436 superbum

245 1449 480 1523 Dejecto
509 1466 568 1503 se
592 1449 767 1504 fratre
793 1457 978 1522 putat.
1001 1446 1145 1522 Spes
1164 1446 1330 1502 anxia
1351 1457 1597 1503 mentem

247 1533 507 1590 Extrahit
525 1573 542 1602 ,
573 1544 630 1588 et
649 1530 820 1610 longo
839 1530 1119 1590 consumit
1142 1530 1345 1606 gaudia
1365 1543 1520 1589 voto.

249 1620 417 1674 Tunc
442 1616 604 1674 sedet
629 1616 891 1673 Inachias
916 1615 1078 1674 urbes
1098 1658 1115 1688 ,
1146 1617 1473 1692 Dane‘iaque
1499 1636 1629 1672 arva
1644 1657 1663 1686 ,

247 1704 321 1759 Et
344 1701 676 1781 caliganteS,
702 1702 944 1781 abrupto
966 1708 1113 1775 sole,
1144 1707 1413 1781 Mycenas
1431 1745 1448 1773 ,

245 1791 423 1849 Ferre
446 1791 555 1850 iter
570 1790 940 1869 impavidum.
961 1792 1075 1848 Seu
1093 1790 1298 1869 praevia
1320 1788 1479 1846 ducit
1491 1788 1755 1864 Erinnys,

246 1876 362 1933 Seu
382 1879 499 1946 fors
523 1876 617 1933 illa
644 1877 780 1948 viae,
815 1878 934 1934 sive
958 1877 1066 1933 hac
1086 1878 1317 1933 immota
1342 1875 1590 1932 vocabat

247 1963 523 2039 Atropos:
541 1962 773 2040 Ogygiis
797 1961 1008 2018 ululata
1028 1962 1312 2019 furoribus
1330 1972 1490 2014 antra

248 2046 502 2115 Deserit,
539 2059 595 2102 et
619 2047 860 2123 pingues
878 2045 1146 2100 Bacchaeo
1169 2043 1442 2119 sanguine
1469 2041 1663 2100 colles·

248 2131 394 2190 Inde
414 2130 658 2207 plagam,
674 2150 785 2205 qua
803 2128 971 2185 molle
987 2129 1188 2185 sedens
1209 2129 1266 2183 in
1282 2128 1451 2205 plana
1465 2129 1768 2205 Cytheren·

245 2215 578 2291 Por-rigitur,
596 2216 870 2292 lapsuque
887 2213 1120 2271 inclinat
1141 2214 1212 2269 ad
1231 2227 1454 2291 aequora
1469 2227 1719 2273 montem
1738 2260 1754 2288 ,

249 2303 517 2361 Praeterit.
542 2303 691 2359 Hinc
718 2315 873 2358 arcte
892 2300 1194 2377 scopuloso
1220 2302 1278 2356 in
1300 2300 1479 2358 limite
1497 2303 1759 2380 pendens

251 2390 498 2446 Infames
515 2390 768 2465 Scyrone
791 2400 1012 2464 petr-51⁵,
1048 2385 1390 2465 Scyllae'aque
1408 2408 1541 2444 rura

251 2476 544 2551 Purpureo
567 2486 798 2548 regnata
821 2474 943 2528 seni
958 2514 974 2545 ,
1007 2473 1314 2549 mitemque
1336 2473 1653 2530 Corinthon

252 2557 519 2637 Linquit,
552 2572 612 2617 et
632 2558 692 2615 in
714 2557 916 2615 mediis
941 2558 1097 2615 audit
1123 2558 1236 2615 duo
1252 2559 1445 2615 littora
1468 2558 1697 2635 campis.

208 2642 215 2720 J
252 2647 491 2721 Iamque
512 2665 613 2724 per
631 2645 850 2702 emeriti
872 2663 1104 2722 surgens
1127 2646 1366 2702 confinia
1387 2642 1582 2701 Phoebi

257 2733 507 2803 Titanis,
535 2731 648 2789 late
672 2730 887 2802 mundo
910 2731 1179 2789 subvecta
1204 2730 1391 2785 silenti

256 2816 513 2876 Rorifera
537 2817 782 2894 gelidum
808 2829 1140 2875 tenuaverat
1165 2821 1294 2871 aera
1318 2814 1460 2890 biga.

252 2905 382 2960 Jam
410 2905 693 2981 pecudes,
730 2904 1098 2981 volucresque
1124 2913 1350 2959 tacent:
1382 2893 1758 2976 jam'somnus
1853 2963 1861 2970 κ

405 2991 589 3050 avaris
