<?xml version="1.0" encoding="UTF-8"?>
<!DOCTYPE html PUBLIC "-//W3C//DTD XHTML 1.0 Transitional//EN"
    "http://www.w3.org/TR/xhtml1/DTD/xhtml1-transitional.dtd">
<html xmlns="http://www.w3.org/1999/xhtml" xml:lang="en" lang="en">
 <head>
  <title>
</title>
<meta http-equiv="Content-Type" content="text/html;charset=utf-8" />
  <meta name='ocr-system' content='tesseract 3.04.00' />
  <meta name='ocr-capabilities' content='ocr_page ocr_carea ocr_par ocr_line ocrx_word'/>
</head>
<body>
  <div class='ocr_page' id='page_1' title='image "./operaadoptimeed00statgoog/operaadoptimeed00statgoog_0630.png"; bbox 0 0 2079 3613; ppageno 0'>
   <div class='ocr_carea' id='block_1_1' title="bbox 734 175 767 189">
    <p class='ocr_par' dir='ltr' id='par_1_1' title="bbox 734 175 767 189">
     <span class='ocr_line' id='line_1_1' title="bbox 734 175 767 189; baseline 0 0"><span class='ocrx_word' id='word_1_1' title='bbox 734 175 767 189; x_wconf 51' lang='grc' dir='ltr'><em>ὤ</em></span> 
     </span>
    </p>
   </div>
   <div class='ocr_carea' id='block_1_2' title="bbox 335 294 1784 375">
    <p class='ocr_par' dir='ltr' id='par_1_2' title="bbox 335 294 1784 375">
     <span class='ocr_line' id='line_1_2' title="bbox 335 294 1784 375; baseline -0.001 -21"><span class='ocrx_word' id='word_1_2' title='bbox 335 294 459 375; x_wconf 74' lang='lat'><strong>592</strong></span> <span class='ocrx_word' id='word_1_3' title='bbox 556 305 815 355; x_wconf 79' lang='lat' dir='ltr'><strong>PANEG.</strong></span> <span class='ocrx_word' id='word_1_4' title='bbox 867 303 960 352; x_wconf 77' lang='lat' dir='ltr'><strong>AD</strong></span> <span class='ocrx_word' id='word_1_5' title='bbox 1008 303 1231 353; x_wconf 81' lang='lat' dir='ltr'>CALP.</span> <span class='ocrx_word' id='word_1_6' title='bbox 1285 301 1648 352; x_wconf 56' lang='lat' dir='ltr'>PISONEM.„1</span> <span class='ocrx_word' id='word_1_7' title='bbox 1714 317 1784 353; x_wconf 80' lang='lat'><strong>21</strong></span> 
     </span>
    </p>
   </div>
   <div class='ocr_carea' id='block_1_3' title="bbox 308 390 1850 3110">
    <p class='ocr_par' dir='ltr' id='par_1_3' title="bbox 333 390 1850 477">
     <span class='ocr_line' id='line_1_3' title="bbox 333 390 1850 477; baseline -0.005 -21"><span class='ocrx_word' id='word_1_8' title='bbox 333 404 511 469; x_wconf 84' lang='lat' dir='ltr'><strong>Quam</strong></span> <span class='ocrx_word' id='word_1_9' title='bbox 543 399 679 456; x_wconf 86' lang='lat' dir='ltr'><strong>mihi</strong></span> <span class='ocrx_word' id='word_1_10' title='bbox 703 394 1010 477; x_wconf 71' lang='lat' dir='ltr'><strong>priscorum</strong></span> <span class='ocrx_word' id='word_1_11' title='bbox 1038 398 1229 456; x_wconf 83' lang='lat' dir='ltr'><strong>titulos</strong></span> <span class='ocrx_word' id='word_1_12' title='bbox 1246 408 1280 466; x_wconf 63' lang='grc'><strong>,“</strong></span> <span class='ocrx_word' id='word_1_13' title='bbox 1302 390 1656 473; x_wconf 72' lang='lat' dir='ltr'>operosaque</span> <span class='ocrx_word' id='word_1_14' title='bbox 1682 395 1850 451; x_wconf 75' lang='lat' dir='ltr'><strong>bella</strong></span> 
     </span>
    </p>

    <p class='ocr_par' dir='ltr' id='par_1_4' title="bbox 333 483 1610 646">
     <span class='ocr_line' id='line_1_4' title="bbox 333 483 1610 561; baseline -0.003 -20"><span class='ocrx_word' id='word_1_15' title='bbox 333 487 650 561; x_wconf 79' lang='lat' dir='ltr'><strong>Contigerit</strong></span> <span class='ocrx_word' id='word_1_16' title='bbox 677 505 982 542; x_wconf 84' lang='lat' dir='ltr'><strong>memorare</strong></span> <span class='ocrx_word' id='word_1_17' title='bbox 1015 505 1030 540; x_wconf 77' lang='lat' dir='ltr'><em>z</em></span> <span class='ocrx_word' id='word_1_18' title='bbox 1060 503 1253 541; x_wconf 88' lang='lat' dir='ltr'><strong>manus</strong></span> <span class='ocrx_word' id='word_1_19' title='bbox 1280 486 1377 541; x_wconf 91' lang='lat' dir='ltr'><strong>sed</strong></span> <span class='ocrx_word' id='word_1_20' title='bbox 1406 483 1610 540; x_wconf 86' lang='lat' dir='ltr'><strong>bellica</strong></span> 
     </span>
     <span class='ocr_line' id='line_1_5' title="bbox 551 574 1218 646; baseline 0 -20"><span class='ocrx_word' id='word_1_21' title='bbox 551 583 772 646; x_wconf 86' lang='lat' dir='ltr'><strong>patrum</strong></span> <span class='ocrx_word' id='word_1_22' title='bbox 1209 574 1218 580; x_wconf 74' lang='grc'><strong>’</strong></span> 
     </span>
    </p>

    <p class='ocr_par' dir='ltr' id='par_1_5' title="bbox 332 650 1772 730">
     <span class='ocr_line' id='line_1_6' title="bbox 332 650 1772 730; baseline -0.002 -22"><span class='ocrx_word' id='word_1_23' title='bbox 332 657 743 730; x_wconf 82' lang='lat' dir='ltr'><strong>Armorumque</strong></span> <span class='ocrx_word' id='word_1_24' title='bbox 769 653 926 710; x_wconf 87' lang='lat' dir='ltr'><strong>labor</strong></span> <span class='ocrx_word' id='word_1_25' title='bbox 942 696 958 722; x_wconf 91' lang='lat'>,</span> <span class='ocrx_word' id='word_1_26' title='bbox 989 666 1204 710; x_wconf 85' lang='lat' dir='ltr'><strong>veteres</strong></span> <span class='ocrx_word' id='word_1_27' title='bbox 1230 653 1470 708; x_wconf 65' lang='lat' dir='ltr'><strong>docuere</strong></span> <span class='ocrx_word' id='word_1_28' title='bbox 1495 650 1738 723; x_wconf 82' lang='lat' dir='ltr'><strong>Quirites</strong></span> <span class='ocrx_word' id='word_1_29' title='bbox 1755 690 1772 719; x_wconf 84' lang='lat'><em>‚</em></span> 
     </span>
    </p>

    <p class='ocr_par' dir='ltr' id='par_1_6' title="bbox 332 737 1675 815">
     <span class='ocr_line' id='line_1_7' title="bbox 332 737 1675 815; baseline -0.002 -21"><span class='ocrx_word' id='word_1_30' title='bbox 332 743 521 815; x_wconf 87' lang='lat' dir='ltr'>Atque</span> <span class='ocrx_word' id='word_1_31' title='bbox 549 739 669 795; x_wconf 89' lang='lat' dir='ltr'><strong>illos</strong></span> <span class='ocrx_word' id='word_1_32' title='bbox 704 739 959 795; x_wconf 72' lang='lat' dir='ltr'><strong>cecinere</strong></span> <span class='ocrx_word' id='word_1_33' title='bbox 986 740 1070 794; x_wconf 88' lang='lat' dir='ltr'><strong>sui</strong></span> <span class='ocrx_word' id='word_1_34' title='bbox 1096 759 1201 812; x_wconf 83' lang='lat' dir='ltr'><strong>per</strong></span> <span class='ocrx_word' id='word_1_35' title='bbox 1227 737 1470 793; x_wconf 85' lang='lat' dir='ltr'><strong>carmina</strong></span> <span class='ocrx_word' id='word_1_36' title='bbox 1501 748 1675 791; x_wconf 74' lang='lat' dir='ltr'><strong>vates-</strong></span> 
     </span>
    </p>

    <p class='ocr_par' dir='ltr' id='par_1_7' title="bbox 333 820 1736 899">
     <span class='ocr_line' id='line_1_8' title="bbox 333 820 1736 899; baseline -0.004 -20"><span class='ocrx_word' id='word_1_37' title='bbox 333 825 449 879; x_wconf 93' lang='lat' dir='ltr'><strong>Nos</strong></span> <span class='ocrx_word' id='word_1_38' title='bbox 476 843 699 899; x_wconf 83' lang='lat' dir='ltr'><strong>quoque</strong></span> <span class='ocrx_word' id='word_1_39' title='bbox 725 835 926 897; x_wconf 84' lang='lat' dir='ltr'><strong>pacata</strong></span> <span class='ocrx_word' id='word_1_40' title='bbox 956 821 1206 877; x_wconf 82' lang='lat' dir='ltr'>Pisonem</span> <span class='ocrx_word' id='word_1_41' title='bbox 1232 821 1396 877; x_wconf 85' lang='lat' dir='ltr'><strong>laude</strong></span> <span class='ocrx_word' id='word_1_42' title='bbox 1427 820 1697 877; x_wconf 83' lang='lat' dir='ltr'><strong>nitentem</strong></span> <span class='ocrx_word' id='word_1_43' title='bbox 1717 860 1736 890; x_wconf 87' lang='lat'>‚</span> 
     </span>
    </p>

    <p class='ocr_par' dir='ltr' id='par_1_8' title="bbox 326 905 1733 985">
     <span class='ocr_line' id='line_1_9' title="bbox 326 905 1733 985; baseline -0.001 -22"><span class='ocrx_word' id='word_1_44' title='bbox 326 910 691 985; x_wconf 83' lang='lat' dir='ltr'><strong>Exaequamus</strong></span> <span class='ocrx_word' id='word_1_45' title='bbox 716 908 853 964; x_wconf 80' lang='lat' dir='ltr'><strong>avis.</strong></span> <span class='ocrx_word' id='word_1_46' title='bbox 886 911 1102 964; x_wconf 83' lang='lat' dir='ltr'><strong>Tamen</strong></span> <span class='ocrx_word' id='word_1_47' title='bbox 1122 921 1177 964; x_wconf 88' lang='lat' dir='ltr'><strong>et</strong></span> <span class='ocrx_word' id='word_1_48' title='bbox 1199 908 1249 963; x_wconf 89' lang='lat' dir='ltr'><strong>si</strong></span> <span class='ocrx_word' id='word_1_49' title='bbox 1270 907 1410 962; x_wconf 82' lang='lat' dir='ltr'><strong>bella</strong></span> <span class='ocrx_word' id='word_1_50' title='bbox 1437 905 1733 983; x_wconf 71' lang='lat' dir='ltr'><strong>quierunt,</strong></span> 
     </span>
    </p>

    <p class='ocr_par' dir='ltr' id='par_1_9' title="bbox 330 989 1613 1147">
     <span class='ocr_line' id='line_1_10' title="bbox 330 989 1613 1068; baseline -0.002 -21"><span class='ocrx_word' id='word_1_51' title='bbox 330 992 457 1047; x_wconf 89' lang='lat' dir='ltr'><strong>Non</strong></span> <span class='ocrx_word' id='word_1_52' title='bbox 484 994 654 1067; x_wconf 86' lang='lat' dir='ltr'><strong>periit</strong></span> <span class='ocrx_word' id='word_1_53' title='bbox 677 993 854 1049; x_wconf 81' lang='lat' dir='ltr'><strong>virtus</strong></span> <span class='ocrx_word' id='word_1_54' title='bbox 881 1014 897 1047; x_wconf 69' lang='grc' dir='ltr'>ι</span> <span class='ocrx_word' id='word_1_55' title='bbox 929 992 1086 1065; x_wconf 87' lang='lat' dir='ltr'><strong>licet,</strong></span> <span class='ocrx_word' id='word_1_56' title='bbox 1116 1006 1172 1049; x_wconf 83' lang='lat' dir='ltr'><strong>et</strong></span> <span class='ocrx_word' id='word_1_57' title='bbox 1198 993 1312 1049; x_wconf 89' lang='lat' dir='ltr'><strong>sine</strong></span> <span class='ocrx_word' id='word_1_58' title='bbox 1334 989 1613 1068; x_wconf 82' lang='lat' dir='ltr'><strong>sanguinis</strong></span> 
     </span>
     <span class='ocr_line' id='line_1_11' title="bbox 550 1077 788 1147; baseline 0.008 -15"><span class='ocrx_word' id='word_1_59' title='bbox 550 1077 755 1134; x_wconf 84' lang='lat' dir='ltr'><strong>haustu</strong></span> <span class='ocrx_word' id='word_1_60' title='bbox 772 1119 788 1147; x_wconf 88' lang='lat'>,</span> 
     </span>
    </p>

    <p class='ocr_par' dir='ltr' id='par_1_10' title="bbox 328 1163 1599 1240">
     <span class='ocr_line' id='line_1_12' title="bbox 328 1163 1599 1240; baseline 0 -22"><span class='ocrx_word' id='word_1_61' title='bbox 328 1163 484 1219; x_wconf 83' lang='lat' dir='ltr'><strong>Mitia</strong></span> <span class='ocrx_word' id='word_1_62' title='bbox 503 1205 518 1233; x_wconf 87' lang='lat'><strong>‚</strong></span> <span class='ocrx_word' id='word_1_63' title='bbox 549 1165 802 1240; x_wconf 74' lang='lat' dir='ltr'><strong>legitimo</strong></span> <span class='ocrx_word' id='word_1_64' title='bbox 827 1165 931 1221; x_wconf 88' lang='lat' dir='ltr'><strong>sub</strong></span> <span class='ocrx_word' id='word_1_65' title='bbox 955 1165 1167 1240; x_wconf 82' lang='lat' dir='ltr'><strong>judice,</strong></span> <span class='ocrx_word' id='word_1_66' title='bbox 1190 1163 1334 1220; x_wconf 87' lang='lat' dir='ltr'><strong>bella</strong></span> <span class='ocrx_word' id='word_1_67' title='bbox 1358 1185 1599 1221; x_wconf 86' lang='lat' dir='ltr'><strong>movere.</strong></span> 
     </span>
    </p>

    <p class='ocr_par' dir='ltr' id='par_1_11' title="bbox 325 1248 1653 1325">
     <span class='ocr_line' id='line_1_13' title="bbox 325 1248 1653 1325; baseline 0.002 -24"><span class='ocrx_word' id='word_1_68' title='bbox 325 1248 474 1303; x_wconf 89' lang='lat' dir='ltr'><strong>Hinc</strong></span> <span class='ocrx_word' id='word_1_69' title='bbox 493 1268 718 1325; x_wconf 88' lang='lat' dir='ltr'><strong>quoque</strong></span> <span class='ocrx_word' id='word_1_70' title='bbox 746 1250 951 1306; x_wconf 82' lang='lat' dir='ltr'><strong>servati</strong></span> <span class='ocrx_word' id='word_1_71' title='bbox 980 1250 1256 1324; x_wconf 76' lang='lat' dir='ltr'><strong>contingit</strong></span> <span class='ocrx_word' id='word_1_72' title='bbox 1285 1250 1459 1324; x_wconf 83' lang='lat' dir='ltr'><strong>gloria</strong></span> <span class='ocrx_word' id='word_1_73' title='bbox 1487 1248 1653 1317; x_wconf 80' lang='lat' dir='ltr'><strong>civiS‚</strong></span> 
     </span>
    </p>

    <p class='ocr_par' dir='ltr' id='par_1_12' title="bbox 323 1331 1577 1410">
     <span class='ocr_line' id='line_1_14' title="bbox 323 1331 1577 1410; baseline 0.002 -23"><span class='ocrx_word' id='word_1_74' title='bbox 323 1331 566 1407; x_wconf 83' lang='lat' dir='ltr'><strong>Altaque</strong></span> <span class='ocrx_word' id='word_1_75' title='bbox 596 1333 834 1390; x_wconf 65' lang='lat' dir='ltr'><strong>victricis</strong></span> <span class='ocrx_word' id='word_1_76' title='bbox 858 1333 1116 1392; x_wconf 81' lang='lat' dir='ltr'><strong>intexunt</strong></span> <span class='ocrx_word' id='word_1_77' title='bbox 1139 1333 1332 1389; x_wconf 83' lang='lat' dir='ltr'><strong>limina</strong></span> <span class='ocrx_word' id='word_1_78' title='bbox 1361 1333 1577 1410; x_wconf 80' lang='lat' dir='ltr'><strong>palmae.</strong></span> 
     </span>
    </p>

    <p class='ocr_par' dir='ltr' id='par_1_13' title="bbox 325 1417 1776 1497">
     <span class='ocr_line' id='line_1_15' title="bbox 325 1417 1776 1497; baseline -0.001 -25"><span class='ocrx_word' id='word_1_79' title='bbox 325 1417 471 1488; x_wconf 88' lang='lat' dir='ltr'><strong>Quin</strong></span> <span class='ocrx_word' id='word_1_80' title='bbox 499 1439 596 1493; x_wconf 83' lang='lat' dir='ltr'><strong>age</strong></span> <span class='ocrx_word' id='word_1_81' title='bbox 614 1462 631 1485; x_wconf 93' lang='lat'><strong><em>,</em></strong></span> <span class='ocrx_word' id='word_1_82' title='bbox 656 1421 929 1496; x_wconf 80' lang='lat' dir='ltr'><strong>majorum</strong></span> <span class='ocrx_word' id='word_1_83' title='bbox 951 1459 966 1487; x_wconf 87' lang='lat'><strong>‚</strong></span> <span class='ocrx_word' id='word_1_84' title='bbox 997 1420 1212 1492; x_wconf 81' lang='lat' dir='ltr'><strong>juvenis</strong></span> <span class='ocrx_word' id='word_1_85' title='bbox 1241 1417 1486 1474; x_wconf 76' lang='lat' dir='ltr'><strong>facunde</strong></span> <span class='ocrx_word' id='word_1_86' title='bbox 1504 1460 1519 1485; x_wconf 93' lang='lat'>‚</span> <span class='ocrx_word' id='word_1_87' title='bbox 1545 1429 1776 1497; x_wconf 59' lang='lat' dir='ltr'><strong>tuorum</strong></span> 
     </span>
    </p>

    <p class='ocr_par' dir='ltr' id='par_1_14' title="bbox 319 1500 1744 1578">
     <span class='ocr_line' id='line_1_16' title="bbox 319 1500 1744 1578; baseline 0.001 -21"><span class='ocrx_word' id='word_1_88' title='bbox 319 1500 538 1557; x_wconf 89' lang='lat' dir='ltr'><strong>Scande</strong></span> <span class='ocrx_word' id='word_1_89' title='bbox 565 1523 732 1578; x_wconf 82' lang='lat' dir='ltr'><strong>super</strong></span> <span class='ocrx_word' id='word_1_90' title='bbox 758 1502 974 1571; x_wconf 79' lang='lat' dir='ltr'><strong>titulos,</strong></span> <span class='ocrx_word' id='word_1_91' title='bbox 1003 1516 1060 1559; x_wconf 88' lang='lat' dir='ltr'><strong>et</strong></span> <span class='ocrx_word' id='word_1_92' title='bbox 1088 1504 1252 1559; x_wconf 80' lang='lat' dir='ltr'><strong>avitae</strong></span> <span class='ocrx_word' id='word_1_93' title='bbox 1269 1501 1450 1559; x_wconf 81' lang='lat' dir='ltr'><strong>laudis</strong></span> <span class='ocrx_word' id='word_1_94' title='bbox 1473 1501 1744 1570; x_wconf 59' lang='lat' dir='ltr'><strong>honorem,</strong></span> 
     </span>
    </p>

    <p class='ocr_par' dir='ltr' id='par_1_15' title="bbox 321 1585 1743 1664">
     <span class='ocr_line' id='line_1_17' title="bbox 321 1585 1743 1664; baseline 0.001 -24"><span class='ocrx_word' id='word_1_95' title='bbox 321 1589 735 1663; x_wconf 77' lang='lat' dir='ltr'><strong>Arrnorumque</strong></span> <span class='ocrx_word' id='word_1_96' title='bbox 760 1587 931 1644; x_wconf 89' lang='lat' dir='ltr'><strong>decus</strong></span> <span class='ocrx_word' id='word_1_97' title='bbox 957 1586 1216 1664; x_wconf 78' lang='lat' dir='ltr'><strong>praecede</strong></span> <span class='ocrx_word' id='word_1_98' title='bbox 1241 1585 1556 1642; x_wconf 83' lang='lat' dir='ltr'><strong>forensibus</strong></span> <span class='ocrx_word' id='word_1_99' title='bbox 1581 1586 1743 1642; x_wconf 79' lang='lat' dir='ltr'><strong>aclis.</strong></span> 
     </span>
    </p>

    <p class='ocr_par' dir='ltr' id='par_1_16' title="bbox 318 1670 1744 1748">
     <span class='ocr_line' id='line_1_18' title="bbox 318 1670 1744 1748; baseline -0.001 -20"><span class='ocrx_word' id='word_1_100' title='bbox 318 1670 405 1728; x_wconf 86' lang='lat' dir='ltr'><strong>Sic</strong></span> <span class='ocrx_word' id='word_1_101' title='bbox 434 1672 625 1742; x_wconf 81' lang='lat' dir='ltr'><strong>etiam,</strong></span> <span class='ocrx_word' id='word_1_102' title='bbox 654 1693 853 1748; x_wconf 85' lang='lat' dir='ltr'><strong>magno</strong></span> <span class='ocrx_word' id='word_1_103' title='bbox 875 1676 989 1747; x_wconf 82' lang='lat' dir='ltr'><strong>jam</strong></span> <span class='ocrx_word' id='word_1_104' title='bbox 1015 1686 1149 1729; x_wconf 89' lang='lat' dir='ltr'><strong>tunc</strong></span> <span class='ocrx_word' id='word_1_105' title='bbox 1177 1671 1448 1729; x_wconf 86' lang='lat' dir='ltr'><strong>Cicerone</strong></span> <span class='ocrx_word' id='word_1_106' title='bbox 1479 1672 1702 1745; x_wconf 87' lang='lat' dir='ltr'><strong>vigente</strong></span> <span class='ocrx_word' id='word_1_107' title='bbox 1724 1713 1744 1738; x_wconf 86' lang='lat'><em>,</em></span> 
     </span>
    </p>

    <p class='ocr_par' dir='ltr' id='par_1_17' title="bbox 316 1756 1567 1832">
     <span class='ocr_line' id='line_1_19' title="bbox 316 1756 1567 1832; baseline -0.002 -17"><span class='ocrx_word' id='word_1_108' title='bbox 316 1762 536 1818; x_wconf 83' lang='lat' dir='ltr'><strong>Laurea</strong></span> <span class='ocrx_word' id='word_1_109' title='bbox 562 1761 813 1818; x_wconf 83' lang='lat' dir='ltr'><strong>facundis</strong></span> <span class='ocrx_word' id='word_1_110' title='bbox 841 1771 1132 1817; x_wconf 82' lang='lat' dir='ltr'><strong>cesserunt</strong></span> <span class='ocrx_word' id='word_1_111' title='bbox 1156 1779 1307 1815; x_wconf 83' lang='lat' dir='ltr'><strong>arma</strong></span> <span class='ocrx_word' id='word_1_112' title='bbox 1337 1756 1567 1832; x_wconf 80' lang='lat' dir='ltr'><strong>togatis,</strong></span> 
     </span>
    </p>

    <p class='ocr_par' dir='ltr' id='par_1_18' title="bbox 318 1843 1633 1923">
     <span class='ocr_line' id='line_1_20' title="bbox 318 1843 1633 1923; baseline -0.005 -21"><span class='ocrx_word' id='word_1_113' title='bbox 318 1850 562 1923; x_wconf 78' lang='lat' dir='ltr'><strong>Quaeque</strong></span> <span class='ocrx_word' id='word_1_114' title='bbox 589 1860 812 1923; x_wconf 86' lang='lat' dir='ltr'><strong>patrum</strong></span> <span class='ocrx_word' id='word_1_115' title='bbox 838 1845 1019 1902; x_wconf 86' lang='lat' dir='ltr'><strong>claros</strong></span> <span class='ocrx_word' id='word_1_116' title='bbox 1045 1845 1329 1920; x_wconf 82' lang='lat' dir='ltr'><strong>quondam</strong></span> <span class='ocrx_word' id='word_1_117' title='bbox 1355 1843 1539 1901; x_wconf 86' lang='lat' dir='ltr'><strong>visura</strong></span> <span class='ocrx_word' id='word_1_118' title='bbox 1630 1912 1633 1915; x_wconf 83' lang='lat'><strong>.</strong></span> 
     </span>
    </p>

    <p class='ocr_par' dir='ltr' id='par_1_19' title="bbox 413 1932 890 2007">
     <span class='ocr_line' id='line_1_21' title="bbox 413 1932 890 2007; baseline 0.004 -20"><span class='ocrx_word' id='word_1_119' title='bbox 413 1998 420 2004; x_wconf 35' lang='grc'><em>,</em></span> <span class='ocrx_word' id='word_1_120' title='bbox 545 1932 861 2007; x_wconf 85' lang='lat' dir='ltr'><strong>triumphos</strong></span> <span class='ocrx_word' id='word_1_121' title='bbox 875 1974 890 2002; x_wconf 87' lang='lat'><strong>‚</strong></span> 
     </span>
    </p>

    <p class='ocr_par' dir='ltr' id='par_1_20' title="bbox 315 2016 1597 2096">
     <span class='ocr_line' id='line_1_22' title="bbox 315 2016 1597 2096; baseline -0.001 -21"><span class='ocrx_word' id='word_1_122' title='bbox 315 2016 458 2075; x_wconf 90' lang='lat' dir='ltr'><strong>Olim</strong></span> <span class='ocrx_word' id='word_1_123' title='bbox 487 2019 650 2076; x_wconf 81' lang='lat' dir='ltr'><strong>turba</strong></span> <span class='ocrx_word' id='word_1_124' title='bbox 680 2020 798 2076; x_wconf 82' lang='lat' dir='ltr'><strong>vias</strong></span> <span class='ocrx_word' id='word_1_125' title='bbox 822 2019 1118 2096; x_wconf 67' lang='lat' dir='ltr'><strong>implerant</strong></span> <span class='ocrx_word' id='word_1_126' title='bbox 1148 2019 1369 2095; x_wconf 81' lang='lat' dir='ltr'><strong>agmine</strong></span> <span class='ocrx_word' id='word_1_127' title='bbox 1390 2019 1597 2087; x_wconf 69' lang='lat' dir='ltr'><strong>deum,</strong></span> 
     </span>
    </p>

    <p class='ocr_par' dir='ltr' id='par_1_21' title="bbox 313 2102 1827 2178">
     <span class='ocr_line' id='line_1_23' title="bbox 313 2102 1827 2178; baseline 0.004 -21"><span class='ocrx_word' id='word_1_128' title='bbox 313 2102 495 2158; x_wconf 85' lang='lat' dir='ltr'><strong>Ardua</strong></span> <span class='ocrx_word' id='word_1_129' title='bbox 525 2122 677 2158; x_wconf 89' lang='lat' dir='ltr'><strong>nunc</strong></span> <span class='ocrx_word' id='word_1_130' title='bbox 704 2103 900 2158; x_wconf 89' lang='lat' dir='ltr'><strong>eadem</strong></span> <span class='ocrx_word' id='word_1_131' title='bbox 927 2104 1099 2178; x_wconf 88' lang='lat' dir='ltr'><strong>stipat</strong></span> <span class='ocrx_word' id='word_1_132' title='bbox 1123 2105 1240 2159; x_wconf 87' lang='lat' dir='ltr'><strong>sora</strong></span> <span class='ocrx_word' id='word_1_133' title='bbox 1265 2142 1282 2171; x_wconf 82' lang='lat'><strong>,</strong></span> <span class='ocrx_word' id='word_1_134' title='bbox 1320 2122 1445 2158; x_wconf 88' lang='lat' dir='ltr'><strong>cum</strong></span> <span class='ocrx_word' id='word_1_135' title='bbox 1472 2115 1570 2160; x_wconf 84' lang='lat' dir='ltr'><strong>tua</strong></span> <span class='ocrx_word' id='word_1_136' title='bbox 1594 2116 1827 2163; x_wconf 80' lang='lat' dir='ltr'><strong>moestos</strong></span> 
     </span>
    </p>

    <p class='ocr_par' dir='ltr' id='par_1_22' title="bbox 312 2186 1518 2244">
     <span class='ocr_line' id='line_1_24' title="bbox 312 2186 1518 2244; baseline 0 -1"><span class='ocrx_word' id='word_1_137' title='bbox 312 2188 617 2244; x_wconf 82' lang='lat' dir='ltr'><strong>Defensura</strong></span> <span class='ocrx_word' id='word_1_138' title='bbox 645 2207 774 2244; x_wconf 85' lang='lat' dir='ltr'><strong>reos</strong></span> <span class='ocrx_word' id='word_1_139' title='bbox 797 2208 993 2244; x_wconf 83' lang='lat' dir='ltr'><strong>vocem</strong></span> <span class='ocrx_word' id='word_1_140' title='bbox 1016 2186 1277 2243; x_wconf 85' lang='lat' dir='ltr'><strong>facundia</strong></span> <span class='ocrx_word' id='word_1_141' title='bbox 1303 2188 1473 2244; x_wconf 83' lang='lat' dir='ltr'><strong>mittit</strong></span> <span class='ocrx_word' id='word_1_142' title='bbox 1503 2207 1518 2243; x_wconf 73' lang='grc' dir='ltr'>ε</span> 
     </span>
    </p>

    <p class='ocr_par' dir='ltr' id='par_1_23' title="bbox 309 2269 1812 2347">
     <span class='ocr_line' id='line_1_25' title="bbox 309 2269 1812 2347; baseline 0.001 -19"><span class='ocrx_word' id='word_1_143' title='bbox 309 2275 423 2329; x_wconf 87' lang='lat' dir='ltr'><strong>Seu</strong></span> <span class='ocrx_word' id='word_1_144' title='bbox 445 2269 690 2347; x_wconf 69' lang='lat' dir='ltr'><strong>trepidbs</strong></span> <span class='ocrx_word' id='word_1_145' title='bbox 713 2272 785 2325; x_wconf 82' lang='lat' dir='ltr'><strong>ad</strong></span> <span class='ocrx_word' id='word_1_146' title='bbox 812 2275 930 2345; x_wconf 83' lang='lat' dir='ltr'><strong>jura</strong></span> <span class='ocrx_word' id='word_1_147' title='bbox 957 2271 1155 2325; x_wconf 87' lang='lat' dir='ltr'><strong>decem</strong></span> <span class='ocrx_word' id='word_1_148' title='bbox 1184 2271 1321 2325; x_wconf 86' lang='lat' dir='ltr'><strong>citat</strong></span> <span class='ocrx_word' id='word_1_149' title='bbox 1345 2271 1503 2327; x_wconf 86' lang='lat' dir='ltr'><strong>hasta</strong></span> <span class='ocrx_word' id='word_1_150' title='bbox 1527 2273 1776 2330; x_wconf 86' lang='lat' dir='ltr'><strong>virorum</strong></span> <span class='ocrx_word' id='word_1_151' title='bbox 1795 2316 1812 2345; x_wconf 85' lang='lat'><strong>‚</strong></span> 
     </span>
    </p>

    <p class='ocr_par' dir='ltr' id='par_1_24' title="bbox 311 2353 1548 2430">
     <span class='ocr_line' id='line_1_26' title="bbox 311 2353 1548 2430; baseline -0.001 -19"><span class='ocrx_word' id='word_1_152' title='bbox 311 2359 382 2411; x_wconf 84' lang='lat' dir='ltr'><strong>Et</strong></span> <span class='ocrx_word' id='word_1_153' title='bbox 407 2356 627 2412; x_wconf 86' lang='lat' dir='ltr'><strong>firmare</strong></span> <span class='ocrx_word' id='word_1_154' title='bbox 652 2356 813 2430; x_wconf 78' lang='lat' dir='ltr'><strong>jubet</strong></span> <span class='ocrx_word' id='word_1_155' title='bbox 840 2367 1081 2411; x_wconf 84' lang='lat' dir='ltr'><strong>centeno</strong></span> <span class='ocrx_word' id='word_1_156' title='bbox 1108 2353 1296 2429; x_wconf 77' lang='lat' dir='ltr'><strong>judice</strong></span> <span class='ocrx_word' id='word_1_157' title='bbox 1321 2373 1513 2411; x_wconf 85' lang='lat' dir='ltr'><strong>causas</strong></span> <span class='ocrx_word' id='word_1_158' title='bbox 1532 2397 1548 2425; x_wconf 91' lang='lat'>‚</span> 
     </span>
    </p>

    <p class='ocr_par' dir='ltr' id='par_1_25' title="bbox 309 2439 1509 2519">
     <span class='ocr_line' id='line_1_27' title="bbox 309 2439 1509 2519; baseline -0.002 -22"><span class='ocrx_word' id='word_1_159' title='bbox 309 2442 421 2497; x_wconf 87' lang='lat' dir='ltr'><strong>Seu</strong></span> <span class='ocrx_word' id='word_1_160' title='bbox 447 2441 688 2519; x_wconf 86' lang='lat' dir='ltr'><strong>capitale</strong></span> <span class='ocrx_word' id='word_1_161' title='bbox 714 2443 874 2498; x_wconf 87' lang='lat' dir='ltr'><strong>nefas</strong></span> <span class='ocrx_word' id='word_1_162' title='bbox 900 2460 1138 2517; x_wconf 83' lang='lat' dir='ltr'><strong>operosa</strong></span> <span class='ocrx_word' id='word_1_163' title='bbox 1167 2439 1331 2497; x_wconf 89' lang='lat' dir='ltr'><strong>diluis</strong></span> <span class='ocrx_word' id='word_1_164' title='bbox 1357 2452 1509 2511; x_wconf 79' lang='lat' dir='ltr'><strong>arte,</strong></span> 
     </span>
    </p>

    <p class='ocr_par' dir='ltr' id='par_1_26' title="bbox 308 2525 1728 2682">
     <span class='ocr_line' id='line_1_28' title="bbox 308 2525 1728 2604; baseline 0.003 -24"><span class='ocrx_word' id='word_1_165' title='bbox 308 2526 596 2582; x_wconf 85' lang='lat' dir='ltr'><strong>Laudibus</strong></span> <span class='ocrx_word' id='word_1_166' title='bbox 622 2528 742 2603; x_wconf 87' lang='lat' dir='ltr'><strong>ipsa</strong></span> <span class='ocrx_word' id='word_1_167' title='bbox 769 2525 877 2583; x_wconf 84' lang='lat' dir='ltr'><strong>tuis</strong></span> <span class='ocrx_word' id='word_1_168' title='bbox 902 2537 1167 2582; x_wconf 83' lang='lat' dir='ltr'><strong>resonant</strong></span> <span class='ocrx_word' id='word_1_169' title='bbox 1194 2526 1338 2581; x_wconf 82' lang='lat' dir='ltr'><strong>fora.</strong></span> <span class='ocrx_word' id='word_1_170' title='bbox 1361 2530 1450 2581; x_wconf 90' lang='lat' dir='ltr'><strong>Tu</strong></span> <span class='ocrx_word' id='word_1_171' title='bbox 1475 2547 1728 2604; x_wconf 89' lang='lat' dir='ltr'><strong>quoque,</strong></span> 
     </span>
     <span class='ocr_line' id='line_1_29' title="bbox 528 2613 688 2682; baseline 0.006 -16"><span class='ocrx_word' id='word_1_172' title='bbox 528 2613 654 2667; x_wconf 86' lang='lat' dir='ltr'><strong>Piso</strong></span> <span class='ocrx_word' id='word_1_173' title='bbox 672 2654 688 2682; x_wconf 85' lang='lat'>‚</span> 
     </span>
    </p>

    <p class='ocr_par' dir='ltr' id='par_1_27' title="bbox 309 2694 1715 2772">
     <span class='ocr_line' id='line_1_30' title="bbox 309 2694 1715 2772; baseline 0.001 -21"><span class='ocrx_word' id='word_1_174' title='bbox 309 2696 348 2751; x_wconf 86' lang='lat' dir='ltr'><strong>J</strong></span> <span class='ocrx_word' id='word_1_175' title='bbox 352 2694 532 2753; x_wconf 88' lang='lat' dir='ltr'><strong>udicis</strong></span> <span class='ocrx_word' id='word_1_176' title='bbox 559 2697 850 2764; x_wconf 83' lang='lat' dir='ltr'><strong>affectum,</strong></span> <span class='ocrx_word' id='word_1_177' title='bbox 873 2715 1238 2772; x_wconf 86' lang='lat' dir='ltr'><strong>possessaque</strong></span> <span class='ocrx_word' id='word_1_178' title='bbox 1262 2708 1498 2772; x_wconf 85' lang='lat' dir='ltr'><strong>pectora</strong></span> <span class='ocrx_word' id='word_1_179' title='bbox 1520 2697 1715 2765; x_wconf 55' lang='lat' dir='ltr'><strong>ducis»,</strong></span> 
     </span>
    </p>

    <p class='ocr_par' dir='ltr' id='par_1_28' title="bbox 311 2781 1776 2858">
     <span class='ocr_line' id='line_1_31' title="bbox 311 2781 1776 2858; baseline 0.003 -23"><span class='ocrx_word' id='word_1_180' title='bbox 311 2781 529 2837; x_wconf 86' lang='lat' dir='ltr'><strong>Victor.</strong></span> <span class='ocrx_word' id='word_1_181' title='bbox 556 2783 770 2857; x_wconf 84' lang='lat' dir='ltr'><strong>Sponte</strong></span> <span class='ocrx_word' id='word_1_182' title='bbox 789 2794 884 2837; x_wconf 82' lang='lat' dir='ltr'><strong>tua</strong></span> <span class='ocrx_word' id='word_1_183' title='bbox 909 2783 1160 2858; x_wconf 76' lang='lat' dir='ltr'><strong>sequitur</strong></span> <span class='ocrx_word' id='word_1_184' title='bbox 1176 2802 1521 2858; x_wconf 83' lang='lat' dir='ltr'><strong>quocunque</strong></span> <span class='ocrx_word' id='word_1_185' title='bbox 1540 2785 1776 2841; x_wconf 89' lang='lat' dir='ltr'><strong>vocasti.</strong></span> 
     </span>
    </p>

    <p class='ocr_par' dir='ltr' id='par_1_29' title="bbox 312 2864 1714 2944">
     <span class='ocr_line' id='line_1_32' title="bbox 312 2864 1714 2944; baseline 0.001 -22"><span class='ocrx_word' id='word_1_186' title='bbox 312 2864 443 2922; x_wconf 85' lang='lat' dir='ltr'><strong>Flet</strong></span> <span class='ocrx_word' id='word_1_187' title='bbox 466 2866 512 2923; x_wconf 84' lang='lat' dir='ltr'><strong>si</strong></span> <span class='ocrx_word' id='word_1_188' title='bbox 537 2867 669 2923; x_wconf 84' lang='lat' dir='ltr'><strong>flere</strong></span> <span class='ocrx_word' id='word_1_189' title='bbox 692 2868 883 2941; x_wconf 76' lang='lat' dir='ltr'><strong>jubeS,</strong></span> <span class='ocrx_word' id='word_1_190' title='bbox 911 2866 1113 2941; x_wconf 86' lang='lat' dir='ltr'><strong>gaudet</strong></span> <span class='ocrx_word' id='word_1_191' title='bbox 1138 2866 1627 2944; x_wconf 77' lang='lat' dir='ltr'><strong>gauderecoactus</strong></span> <span class='ocrx_word' id='word_1_192' title='bbox 1647 2907 1661 2935; x_wconf 87' lang='lat'>‚</span> <span class='ocrx_word' id='word_1_193' title='bbox 1698 2927 1714 2937; x_wconf 52' lang='grc'>,</span> 
     </span>
    </p>

    <p class='ocr_par' dir='ltr' id='par_1_30' title="bbox 314 2950 1780 3027">
     <span class='ocr_line' id='line_1_33' title="bbox 314 2950 1780 3027; baseline 0.005 -24"><span class='ocrx_word' id='word_1_194' title='bbox 314 2950 416 3018; x_wconf 77' lang='lat' dir='ltr'><strong>Et,</strong></span> <span class='ocrx_word' id='word_1_195' title='bbox 445 2964 501 3005; x_wconf 86' lang='lat' dir='ltr'><strong>te</strong></span> <span class='ocrx_word' id='word_1_196' title='bbox 528 2953 725 3020; x_wconf 89' lang='lat' dir='ltr'><strong>dante,</strong></span> <span class='ocrx_word' id='word_1_197' title='bbox 760 2951 912 3027; x_wconf 85' lang='lat' dir='ltr'><strong>capit</strong></span> <span class='ocrx_word' id='word_1_198' title='bbox 936 2951 1140 3024; x_wconf 84' lang='lat' dir='ltr'><strong>judex,</strong></span> <span class='ocrx_word' id='word_1_199' title='bbox 1172 2952 1218 3006; x_wconf 90' lang='lat' dir='ltr'><strong>si</strong></span> <span class='ocrx_word' id='word_1_200' title='bbox 1246 2972 1357 3008; x_wconf 86' lang='lat' dir='ltr'><strong>non</strong></span> <span class='ocrx_word' id='word_1_201' title='bbox 1383 2952 1583 3021; x_wconf 87' lang='lat' dir='ltr'><strong>habet,</strong></span> <span class='ocrx_word' id='word_1_202' title='bbox 1611 2952 1780 3011; x_wconf 66' lang='lat' dir='ltr'><strong>iram.</strong></span> 
     </span>
    </p>

    <p class='ocr_par' dir='ltr' id='par_1_31' title="bbox 313 3034 1566 3110">
     <span class='ocr_line' id='line_1_34' title="bbox 313 3034 1566 3110; baseline -0.002 -17"><span class='ocrx_word' id='word_1_203' title='bbox 313 3035 406 3093; x_wconf 85' lang='lat' dir='ltr'><strong>Sic</strong></span> <span class='ocrx_word' id='word_1_204' title='bbox 434 3037 622 3110; x_wconf 71' lang='lat' dir='ltr'><strong>auriga</strong></span> <span class='ocrx_word' id='word_1_205' title='bbox 647 3036 789 3108; x_wconf 73' lang='lat' dir='ltr'><strong>solet</strong></span> <span class='ocrx_word' id='word_1_206' title='bbox 813 3034 1090 3097; x_wconf 79' lang='lat' dir='ltr'><strong>ferventia</strong></span> <span class='ocrx_word' id='word_1_207' title='bbox 1115 3034 1412 3097; x_wconf 79' lang='lat' dir='ltr'><strong>Thessalus</strong></span> <span class='ocrx_word' id='word_1_208' title='bbox 1438 3054 1566 3109; x_wconf 80' lang='lat' dir='ltr'><strong>ora,</strong></span> 
     </span>
    </p>
   </div>
  </div>
 </body>
</html>
