2079 3613
325 341 453 427 578
584 354 1014 417 sumnum,
1069 354 1208 404 ma.
1264 353 1338 405 V.
1472 366 1544 432 7⁰

325 446 548 505 invidia
573 466 586 503 ι
617 449 865 507 externis
892 450 1057 506 etiam
1082 448 1399 505 miserabile
1428 451 1551 507 visu

321 537 506 589 Funus
531 545 641 588 eat.
680 532 793 589 Sed
819 553 925 591 nec
953 533 1054 588 tibi
1079 555 1135 592 se
1157 546 1357 590 natura
1379 533 1634 601 dolenti,

324 619 446 674 Nec
473 617 652 695 pietas
675 617 881 694 injusta
911 618 1090 677 dedit.
1127 617 1266 675 Mihi
1291 619 1480 674 limine
1506 618 1703 694 primo

321 706 616 771 Fatorum,
646 716 703 758 et
724 703 924 773 vi1idi,
951 705 1209 779 genitor,
1240 725 1342 761 ceu
1370 716 1564 780 raptus
1590 704 1669 758 ab
1693 723 1861 775 aev0,

320 793 555 845 Tattara
581 745 720 845 duta
751 744 924 881 stibis?
945 792 1064 843 Nec
1093 789 1241 843 enim
1279 787 1634 844 Marathonia
1672 789 1858 868 virgo

317 874 544 929 Parcius
570 873 881 927 extinctum
907 891 1180 928 saevorurn
1204 873 1439 929 crimine
1468 873 1769 947 agrestum

316 960 367 1015 F
370 958 569 1017 levent
587 956 833 1012 Icarium
853 957 1140 1034 ‚Phrygia
1165 979 1334 1035 quam
1358 970 1509 1013 turre
1531 955 1855 1015 cadentem

317 1047 665 1120 Astyanacta
695 1065 799 1121 pat
801 1062 936 1100 ens
965 1044 1167 1120 laqueo
1195 1045 1334 1120 quin
1361 1043 1454 1098 illa
1481 1063 1794 1117 supremos

316 1127 548 1186 Inclusit
574 1129 813 1209 gemitus
839 1151 854 1184 ι
884 1142 940 1184 at
967 1142 1020 1184 te
1048 1142 1175 1209 post
1201 1129 1400 1185 funera
1428 1129 1617 1204 magni

318 1216 608 1285 Hectoris,
638 1216 924 1275 Haemonio
948 1214 1131 1291 pudm
1154 1218 1237 1270 est
1264 1215 1498 1271 servisse
1525 1212 1755 1269 maiito.

390 1302 515 1354 Non
544 1318 648 1374 ego
670 1319 808 1381 quas
833 1297 933 1355 fati
959 1319 1051 1354 cei
1058 1311 1142 1355 tus
1173 1297 1279 1355 sibi
1303 1317 1444 1356 voce
1469 1316 1680 1353 canora

317 1383 553 1445 Inferias
582 1384 868 1459 praemittit
893 1384 1049 1453 olor;
1078 1403 1186 1440 nec
1213 1403 1353 1463 rupe
1387 1382 1541 1459 quod
1568 1393 1695 1438 atra

315 1468 616 1547 Tyrrhenae
640 1467 894 1523 volucres
914 1468 1098 1525 nautis
1122 1468 1409 1544 praedulce
1435 1470 1723 1523 minantur
1748 1508 1766 1536 ‚

320 1558 388 1610 Iu
421 1554 629 1630 patrios
656 1552 935 1611 adhibebo
958 1573 1123 1629 rogos
1142 1572 1157 1625 ;
1179 1575 1293 1610 non
1312 1571 1596 1610 murmure
1623 1564 1836 1617 trunco

316 1639 482 1714 Quod
509 1638 708 1717 gemit,
733 1652 791 1695 et
823 1639 955 1699 dirae
980 1638 1234 1715 queritur
1273 1637 1578 1696 Philomela
1608 1639 1833 1710 sorori3

317 1728 467 1782 Nota
492 1727 656 1779 nimis
686 1726 817 1781 vati.
846 1725 982 1798 Quis
1008 1732 1122 1780 n‘on
1148 1724 1204 1778 in
1231 1725 1426 1780 funera
1456 1735 1689 1778 cunctos

316 1810 621 1869 Heliadum
643 1830 857 1879 ramOS,
891 1809 1316 1892 lacrymosaque
1343 1808 1594 1887 germina
1623 1805 1829 1879 duitit,

316 1902 385 1957 Et
410 1896 713 1974 Phrygium
738 1894 946 1956 silicem
962 1937 978 1966 ,
1008 1907 1177 1974 atque
1200 1915 1396 1951 ausum
1421 1892 1701 1953 contraria

542 1982 750 2042 Phoebo

237 2081 241 2085 ’
318 2070 607 2139 Carmina,
632 2089 735 2125 nec
756 2068 899 2126 soeda
923 2066 1166 2143 gavisam
1192 2065 1417 2124 Pallada
1444 2064 1641 2123 buxo?

319 2160 403 2217 Te
430 2157 612 2234 pietas
637 2154 811 2210 oblita
842 2154 1019 2211 virum
1038 2195 1058 2224 ‚
1085 2166 1460 2227 revocataque
1487 2150 1626 2208 coelo

314 2245 351 2301 J
355 2242 541 2298 ustitia
561 2282 578 2308 ‚
610 2251 665 2295 et
729 2236 909 2294 emina
939 2236 1167 2313 plangat
1193 2236 1459 2293 facundia
1483 2236 1707 2311 lingua,

315 2329 387 2384 Et
412 2324 651 2392 Phoebus
676 2260 942 2397 doctique
970 2321 1171 2379 cohors
1200 2320 1494 2378 Heliconia
1520 2320 1750 2389 Phoebi;

316 2409 454 2483 Quis
480 2407 665 2465 honor
693 2408 899 2462 Aonios
926 2425 1059 2464 seno
1084 2405 1225 2483 pede
1248 2407 1460 2463 ducere
1489 2418 1720 2475 cantus,

316 2499 390 2552 Et
413 2498 614 2580 quibus
638 2491 886 2550 Arcadia
908 2510 1139 2548 carmen
1163 2489 1440 2549 testudine
1468 2489 1674 2546 mensis

313 2583 469 2640 Cura
493 2581 654 2658 Lyrae
680 2575 1000 2653 'nomenque
1028 2574 1168 2633 fuit:
1200 2595 1453 2653 quosque
1472 2574 1611 2632 orbe
1637 2571 1743 2690 sub

537 2663 690 2724 omui

319 2751 507 2809 Ardua
532 2760 762 2832 septena
785 2758 1039 2804 numerat
1066 2745 1347 2823 sapientia
1373 2744 1562 2802 sama:

320 2838 430 2911 Qui
456 2836 662 2903 furias,
692 2853 996 2909 regumque
1025 2832 1219 2903 dolos,
1250 2851 1557 2906 aversaque
1577 2829 1727 2888 coelo

318 2923 513 2982 Sidera
538 2921 788 2980 terrifico
812 2940 982 2997 super
1004 2920 1265 2986 intonuet
1269 2940 1301 2976 a
1328 2913 1632 2975 cothurno:

320 3013 391 3066 Et
414 3010 542 3086 quis
565 3008 775 3066 lasciva
797 3008 942 3063 vires
973 3019 1204 3063 tenuare
1229 3006 1426 3061 Thalia

320 3093 498 3150 Dulce
515 3134 531 3164 ,
558 3092 649 3150 vel
674 3093 875 3150 heroos
905 3107 1099 3167 gressu
1125 3104 1385 3148 truncare
1417 3102 1664 3147 tenores.
