2079 3613
199 293 206 300 .
284 257 360 315 ,8
495 244 497 246 ’
592 257 1044 328 ,πἨΕΒΑῙυοε,
1089 257 1239 305 Lm.
1292 259 1346 306 1.
1442 252 1590 329 430'

274 359 582 438 Lugendus
602 356 789 427 fratri,
817 354 1036 432 juvenis
1058 353 1350 422 Thebane,
1381 355 1626 428 jaceres!

271 450 346 505 Ni
371 467 475 503 rex
498 444 780 503 insolitum
798 441 1106 500 clamorem
1123 481 1139 511 ‚
1180 452 1236 495 et
1260 450 1493 517 pectore
1518 440 1589 496 ab
1615 439 1773 496 alto

270 533 581 607 Stridentes
606 529 840 608 gemitus
857 528 1043 584 noctis
1070 527 1301 583 miratus
1324 527 1387 583 in
1413 527 1620 583 umbris
1634 570 1662 596 ,

271 609 537 677 Movisset
557 632 776 692 gressus
790 636 809 682 3
834 612 1048 690 magnis
1075 612 1166 668 cui
1183 611 1376 668 >sobria
1404 612 1551 668 curis

276 702 565 761 Pendebat
582 742 598 772 ‚
635 719 828 757 somno
851 700 964 774 jam
986 696 1296 767 deteriore,
1329 709 1600 754 senectus

283 791 453 866 Isque
478 787 576 843 ubi
601 785 990 862 progredienS‚
1024 801 1320 840 numerosa
1343 783 1465 841 luce
1489 804 1594 861 per
1620 785 1757 840 alta

278 873 450 940 Atria,
489 872 718 927 dimotis
743 873 983 929 adverso
1010 870 1201 925 limine
1228 871 1511 940 claustris),

282 954 614 1014 Terribilem
639 954 798 1012 dictu
817 956 1019 1013 faciem
1041 996 1057 1025 ‚
1084 955 1269 1012 lacera
1290 976 1412 1025 ora,
1438 968 1778 1032 putresque

220 1078 224 1082 -
283 1040 597 1116 Sanguineo
613 1039 956 1098 videtimbre
973 1058 1166 1115 genas:
1190 1044 1369 1114 «Quae
1384 1059 1549 1096 causa
1565 1041 1820 1110 furori5‚

250 1120 263 1177 Ϊ
284 1147 315 1179 ιι
338 1124 563 1181 Externi
575 1121 838 1200 juvenes?
853 1125 1070 1200 (neque
1088 1125 1235 1179 enim
1251 1142 1412 1182 meus
1430 1126 1636 1181 audeat
1656 1126 1821 1182 istas

282 1231 310 1260 α
333 1208 486 1266 Civis
521 1208 583 1264 in
622 1229 799 1285 usque
845 1205 1079 1285 manus)
1122 1208 1379 1283 quisnam
1417 1208 1820 1285 implacabilis

432 1293 601 1351 ardor

260 1404 311 1455 snr
334 1378 648 1436 Exturbare
674 1378 819 1435 odiis
845 1376 1146 1454 tranquilla
1169 1377 1390 1434 silentia
1415 1377 1641 1437 noctis?

287 1487 316 1516 «
339 1466 534 1540 Usque
551 1465 772 1521 adeone
792 1475 1024 1538 angusta
1045 1461 1208 1521 dies?
1236 1475 1294 1518 et
1313 1464 1471 1519 triste
1491 1483 1812 1541 parumper

289 1575 315 1604 α
339 1551 535 1607 Pacem
567 1550 788 1622 animo,
827 1569 1197 1626 somnumque
1229 1545 1395 1626 pati?
1428 1551 1530 1607 sed
1565 1550 1808 1628 prodite

434 1634 660 1691 tandem

278 1743 317 1775 u
338 1721 505 1777 Unde
525 1721 634 1777 orti
649 1702 802 1797 ,⁴l1uo
819 1721 974 1778 fertis
989 1723 1096 1779 iter
1112 1722 1141 1781 ⁴?
1156 1741 1281 1798 quae
1300 1723 1479 1798 jurgia
1494 1721 1523 1780 'f‘
1540 1743 1671 1779 nam
1690 1742 1803 1780 vos

290 1828 319 1859 α
340 1805 512 1863 Haud
550 1804 791 1873 humiles
828 1820 984 1864 tanta
1021 1809 1109 1865 ira
1149 1809 1321 1865 docet
1347 1851 1365 1877 ,
1403 1808 1736 1885 generisque

432 1894 665 1971 superbi

291 2001 320 2031 κ
339 1981 551 2054 Magna
570 1998 679 2053 per
695 1978 933 2035 effusum
949 1978 1270 2036 clarescunt
1289 1980 1445 2058 signa
1466 1998 1740 2036 cruorem.
1760 2002 1794 2036 n

359 2064 478 2122 Vix
503 2082 571 2117 ea
601 2081 615 2117 ε
643 2082 770 2118 eum
789 2063 965 2121 mixto
994 2062 1236 2121 clamore
1262 2064 1487 2140 obliqua
1512 2075 1733 2122 tuentes

286 2144 582 2221 Incipiunt
607 2165 716 2201 una
743 2168 756 2201 ε
796 2170 825 2200 «
849 2150 962 2204 Rex
987 2146 1021 2203 ὂ
1047 2147 1333 2206 mitissime
1356 2149 1660 2216 Achivum,

292 2255 320 2283 «
342 2230 495 2305 Quid
508 2229 692 2287 verbis
705 2230 878 2307 opus?
891 2232 1014 2309 ipse
1028 2232 1307 2291 undantes
1322 2234 1590 2310 sanguine
1607 2232 1796 2292 vultus

293 2338 321 2368 «
343 2314 576 2392 Aspicis,
597 2338 626 2369 »
657 2317 788 2372 Haec
808 2317 1018 2393 passim
1042 2317 1279 2374 turbatis
1303 2320 1456 2377 vocis
1484 2311 1683 2375 amarae

284 2398 620 2464 Confudere
641 2402 813 2457 sonis.
837 2401 979 2458 Inde
1005 2423 1164 2460 orsus
1187 2403 1246 2458 in
1273 2403 1471 2460 ordine
1492 2403 1723 2481 Tydeus

289 2482 596 2556 Continuat
614 2525 631 2553 ‚
659 2485 844 2543 moesti*
863 2487 1097 2563 cupiens
1122 2487 1319 2544 solatia
1346 2487 1542 2543 casus:

368 2593 397 2623 α
417 2572 783 2629 Monstriferae
816 2573 1123 2653 Calydonis
1164 2595 1297 2652 opes
1321 2616 1338 2646 ,
1378 2573 1756 2649 Acheloiaque

439 2677 574 2715 arva

295 2766 323 2796 α
347 2744 607 2801 Deserui.
634 2745 856 2804 Vestris
880 2747 975 2803 hic
1003 2766 1093 2800 me
1119 2765 1248 2801 eece
1275 2745 1334 2799 in
1353 2743 1560 2800 finibus
1585 2743 1775 2820 ingens

289 2852 319 2897 ῳ
342 2829 472 2885 Nox
491 2831 697 2905 operit.
720 2836 900 2889 Tecto
922 2831 1122 2889 coelum
1141 2829 1450 2907 prohibere
1468 2832 1589 2908 quis
1613 2832 1718 2889 iste

292 2938 321 2968 «
344 2913 592 2972 Arcuit?
617 2938 687 2974 an
707 2920 963 2994 quoniam
981 2916 1138 2993 prior
1155 2913 1275 2975 haec
1297 2917 1370 2974 ad
1385 2916 1575 2977 limina
1598 2922 1744 2977 forte
1814 2983 1818 2989 ,

291 3023 320 3055 α
341 3001 572 3060 Molitur
597 3001 862 3080 gressus?
883 3004 1100 3079 pariter
1120 3005 1395 3081 stabulare
1419 3006 1753 3086 bimembres
