2079 3613
518 261 618 319 158
712 252 1139 325 muranum,
1194 247 1332 292 LIB.
1367 227 1462 299 ἅτ,
1607 224 1726 311 58ι,

232 363 645 442 Sophronaque
672 351 1008 430 implicitum
1026 387 1044 417 ‚
1071 342 1371 414 tenuisque„
1396 353 1597 392 arcana

461 445 739 502 Corinnae.

235 535 349 594 Sed
374 533 507 611 quid
538 545 713 606 parva
741 515 980 597 loquor?
1006 528 1065 572 tu
1089 491 1468 590 parassuetus
1492 501 1751 577 Homero!

235 622 411 675 Ferre
430 619 622 692 jugum
639 652 654 680 ‚
680 622 951 679 senosque
979 596 1159 676 pedes
1186 611 1403 668 aequare
1437 583 1631 642 solutis

237 702 488 764 Vocibus
508 741 524 770 ,
549 711 602 753 et
632 710 920 767 nunquam
943 705 1115 764 passu
1141 678 1403 738 breviore
1427 665 1689 743 relinqui.

307 784 459 859 Quid
482 781 684 838 mirum
702 822 719 846 ,
740 774 921 851 patria
951 772 994 827 si
1028 783 1081 824 te
1112 765 1324 845 petiere
1353 757 1574 823 relicta,

234 877 392 945 Quos
416 872 679 924 Lucanus
711 880 840 935 ager
860 901 875 928 ,
905 855 1072 932 rigidi
1097 870 1238 929 quos
1263 850 1458 924 jugera
1484 836 1703 907 Dauni,

239 961 392 1027 Quos
416 950 608 1009 veneri
639 950 857 1022 plorata
887 941 1084 996 domus
1105 980 1122 1003 ,
1150 934 1463 1005 dilectaque
1496 922 1661 982 tellus

242 1037 459 1094 Alcidae
479 1075 496 1105 ,
524 1031 615 1090 vel
645 1049 785 1105 quos
819 1049 849 1082 e
885 1029 1098 1082 vertice
1124 1016 1452 1076 Surrentino
1641 1022 1646 1029 ‘

243 1118 422 1176 Mittit
450 1114 732 1194 Tyrrheni
758 1107 1105 1186 speculatrix
1135 1103 1294 1177 virgo
1325 1087 1637 1173 profundi?

178 1262 181 1265 ,
244 1213 398 1279 Quos
422 1202 690 1280 propiore
717 1197 837 1253 sinu
864 1195 1006 1249 lituo
1032 1205 1293 1260 remoque
1322 1191 1549 1238 notatus

250 1290 422 1348 Collis
439 1331 455 1359 .,
480 1300 536 1342 et
564 1283 798 1342 Ausonii
814 1278 1034 1357 'pridem
1060 1273 1187 1330 laris
1207 1269 1434 1345 hospita
1460 1265 1637 1339 Cyme
1658 1277 1672 1314 ε

248 1381 510 1450 Quosque
543 1365 877 1426 Dicharchei
915 1375 1143 1440 porum,
1170 1355 1489 1428 Baianaque
1523 1345 1750 1402 mittunt

248 1462 462 1516 Littora
482 1500 497 1528 ‚
529 1477 652 1532 quae
675 1451 874 1510 mediis
900 1449 1008 1504 alte
1038 1445 1349 1523 permixtus
1373 1434 1600 1493 anhelat

249 1547 403 1622 Ignis
428 1545 586 1621 aquis
607 1587 621 1611 ‚
653 1555 706 1597 et
739 1542 947 1616 operta
970 1534 1181 1590 animos
1204 1516 1470 1584 incendia‘
1506 1528 1749 1578 servant.

250 1632 337 1687 Sic
357 1632 430 1687 ad
457 1624 768 1684 Avernales
795 1618 1058 1694 scopulos
1076 1657 1093 1686 ‚
1121 1625 1177 1671 et
1204 1631 1381 1689 opaca
1407 1605 1634 1684 Sibyllae

252 1720 462 1783 Antra,
494 1722 771 1786 rogaturae-
789 1701 1093 1762 veniebant
1120 1696 1368 1771 undique
1397 1703 1621 1769 gentes:

253 1803 357 1857 Illa
375 1799 553 1856 minas
573 1795 777 1864 Divum
796 1834 812 1863 ‚
834 1792 1248 1860 Parcarumque
1268 1793 1389 1837 acta
1416 1775 1683 1845 canebat,

254 1885 522 1960 Quamvis
549 1882 794 1957 decepto
821 1889 980 1934 vates
1006 1894 1120 1929 non
1146 1867 1301 1927 irrita
1330 1864 1557 1921 Phoebo.

331 1974 465 2029 Mox
495 1979 549 2026 et
575 1965 902 2025 Romuleam
930 1960 1160 2036 stirpem
1182 1998 1199 2028 ,
1227 1966 1605 2031 proceresque

477 2057 695 2112 futuros

256 2139 495 2200 Instruis
511 2181 526 2209 ‚
553 2139 725 2215 inque
751 2149 973 2213 patrum
997 2128 1223 2205 vestigia
1249 2128 1456 2184 ducere
1481 2129 1718 2199 perstas.

259 2226 375 2285 Sub
403 2240 455 2283 te
482 2224 799 2282 Dardanius
822 2220 960 2279 facis
985 2215 1313 2292 explorator
1337 2221 1548 2287 opertae
1565 2248 1581 2276 ,

260 2316 371 2383 Qui
398 2307 685 2366 Diomedei
715 2306 862 2374 celat
888 2299 1201 2380 penetralia
1230 2296 1362 2355 furti
1381 2336 1398 2364 ,

262 2396 463 2468 Crev'ff
480 2434 496 2461 ‚
528 2406 585 2447 et
612 2394 742 2447 inde
768 2405 990 2444 sacrum
1017 2382 1216 2438 didicit
1241 2400 1400 2456 puer.
1432 2381 1595 2432 Arma

487 2474 732 2553 probare

263 2558 586 2624 Monstrasti
612 2557 772 2616 Saliis
789 2598 806 2628 ‚
833 2569 1254 2632 praesagumque
1280 2547 1513 2606 AEthera
1541 2542 1705 2600 certis

266 2646 618 2725 AuguribuS,
645 2644 735 2700 cui
757 2638 1146 2698 Chalcidicum
1171 2636 1253 2690 fas
1280 2631 1505 2689 volvere

483 2750 744 2799 carmen,

265 2824 453 2905 Lanea
479 2815 569 2871 cui
594 2811 822 2889 Phrygii
850 2820 930 2886 est
958 2826 1118 2865 coma
1146 2800 1407 2870 flaminis,
1430 2810 1485 2855 et
1509 2809 1607 2853 tua

486 2899 718 2956 multum
1495 2905 1499 2911 '

269 2986 520 3046 Verbera
548 2982 821 3041 succincti
851 2977 1223 3036 formidavere
1244 2968 1507 3047 Luperci.
1553 3011 1566 3022 ,
