2079 3613
459 312 567 388 408
704 316 1150 381 ΤΗΕΒΑιῡοε,
1205 318 1346 368 Lm.
1401 324 1514 372 111.
1693 298 1813 393 '71

322 411 635 488 Flagrantes
657 412 752 470 Sol
775 433 988 489 pronus
1015 433 1216 490 equos3
1245 413 1582 492 rutilamque
1604 416 1824 474 lavabat

320 497 533 554 Oceani
553 496 654 553 sub
672 498 825 554 fonte
850 517 1099 553 comam:
1133 498 1223 555 cui
1253 496 1419 554 turba
1439 499 1706 573 profundi

320 584 567 652 Nereos,
597 595 654 639 et
674 583 886 657 rapidis
907 596 1209 641 accurrunt
1235 583 1492 661 passibus
1516 587 1678 639 Horae
1701 611 1718 652 ς

319 669 613 745 Frenaque
630 712 644 739 ,
670 682 723 724 et
747 681 953 726 auratae
979 683 1194 727 textum
1221 669 1453 727 sublime
1481 689 1704 726 coronae

320 753 622 829 Deripiunt
645 775 656 808 :
684 756 875 812 laxant
902 755 1096 811 calidis
1119 754 1407 811 humentia
1433 753 1571 810 loris

318 838 551 894 Pectora
574 858 587 893 ε
616 858 748 914 pars
774 841 1000 896 meritos
1028 853 1257 897 vertunt
1287 839 1361 894 ad
1386 839 1555 896 molle
1581 837 1788 914 jugales

320 922 571 979 Gramen
586 967 600 992 ,
632 938 690 981 et
707 937 897 982 erecto
920 946 1146 982 currum
1165 940 1384 982 temone
1405 925 1694 1001 supinant.

316 1009 445 1064 Nox
479 1007 648 1065 subiit
674 1051 689 1077 ,
727 1029 998 1086 curasque
1035 1010 1328 1066 hominum
1350 1050 1366 1078 ‚
1410 1022 1705 1085 motusque

469 1093 717 1146 ferarum

323 1174 656 1250 Composuit
680 1215 696 1245 ,
728 1174 1001 1272 nigroque
1023 1176 1189 1252 polos
1213 1175 1448 1234 involvit
1473 1178 1701 1233 amictu.

321 1258 425 1314 Illa
451 1256 675 1333 quidem
697 1261 937 1330 cunctiS,
958 1261 1061 1317 sed
1079 1281 1192 1316 non
1211 1260 1347 1331 tibi,
1381 1261 1531 1317 mitis
1551 1261 1822 1335 Adraste,

318 1342 720 1420 Labdacioque
744 1346 906 1415 duci;
929 1366 1060 1401 nam
1085 1344 1286 1421 Tydea
1311 1344 1497 1421 largus
1515 1344 1764 1401 habebat

318 1428 605 1483 Pet-fusum
631 1449 834 1504 magna
859 1429 1086 1485 virtutis
1113 1427 1353 1503 imagine
1380 1448 1622 1485 somnus,

391 1514 499 1566 Et
484 1533 598 1587 Jam
619 1514 941 1589 noctivagas
966 1514 1115 1569 inter
1133 1514 1284 1574 Deus
1305 1512 1544 1589 armiger
1564 1513 1789 1570 umbras

320 1598 572 1672 Desuper
595 1597 845 1654 Aroadiae
867 1598 1008 1654 fines
1027 1640 1044 1667 ‚
1074 1601 1444 1673 Nemeaeaque
1470 1618 1601 1654 rura
1620 1640 1636 1668 ‚

319 1682 743 1758 Taenariumque
757 1703 1045 1752 cacumen,
1059 1681 1486 1760 Apollineasque
1500 1681 1829 1755 Therapnas

318 1769 613 1822 Armorum
632 1767 845 1824 tonitru
862 1767 987 1824 ferit
1003 1806 1019 1838 ,
1047 1779 1105 1823 et
1125 1766 1461 1842 trepidantia
1486 1766 1657 1823 corda

320 1852 529 1926 Implet
548 1872 734 1906 amore
758 1856 862 1907 sui.
889 1858 1135 1910 Comunt
1161 1856 1342 1909 Furor
1367 1856 1573 1927 Iraque
1595 1854 1788 1908 cristas
1803 1893 1822 1924 ‚

316 1940 502 2005 Frena
529 1938 809 1995 ministrat
841 1939 994 2013 equis
1022 1941 1206 1995 Pavor
1232 1938 1488 2011 armiger.
1530 1938 1609 1993 At
1634 1937 1772 2012 vigil

465 2046 619 2081 omni

315 2101 490 2156 Fama
511 2120 651 2157 sono
678 2102 861 2158 varios
888 2120 1076 2156 rerum
1094 2101 1377 2157 succincta
1408 2095 1682 2155 tumultus

315 2188 464 2242 Ante
486 2188 639 2243 volat
667 2208 890 2244 currum
914 2229 930 2257 ,
960 2187 1207 2262 flatuque
1237 2188 1477 2264 impulsa
1504 2197 1825 2262 gementum

314 2269 615 2344 Alipedtun
631 2316 646 2339 ‚
674 2271 921 2350 trepidas
949 2270 1126 2326 denso
1151 2291 1279 2326 cum
1304 2291 1588 2327 murmure
1605 2270 1822 2345 plumas

312 2355 556 2412 Excutit.
583 2360 760 2432 Urget
782 2357 932 2413 enim
957 2356 1195 2413 stimulis
1214 2359 1405 2432 auriga
1426 2357 1674 2414 cruentis

311 2442 480 2494 Facta
495 2481 509 2509 ,
535 2442 743 2496 infecta
764 2441 953 2517 loqui3
984 2461 1266 2517 curruque
1285 2442 1525 2497 infestus
1544 2440 1615 2496 ab
1636 2439 1748 2495 alto

314 2521 500 2595 Terga
518 2561 534 2589 ‚
558 2542 856 2596 comasque
888 2526 1020 2580 Deae
1047 2525 1311 2601 Scythica
1336 2539 1501 2603 pater
1528 2526 1785 2600 increpat

458 2604 640 2662 hasta.

311 2690 501 2764 Qualis
527 2691 623 2746 ubi
651 2690 834 2750 AEolio
862 2691 1132 2746 demissos
1153 2709 1375 2745 earcere
1402 2701 1598 2746 ventos

308 2783 441 2834 Dux
467 2799 581 2855 prae
601 2799 658 2834 se
684 2780 985 2854 Neptunus
1009 2777 1148 2852 agit,
1182 2794 1501 2852 magnoque
1528 2773 1779 2832 volantes

311 2862 503 2937 Injicit
523 2866 730 2940 AEgaeO.
756 2864 959 2921 Tristis
986 2863 1282 2920 comitatus
1306 2859 1463 2918 eunti

312 2950 539 3007 Circum
578 2950 696 3007 lora
732 2952 1020 3023 fremunt,
1062 2948 1351 3026 nimbique
1389 2947 1715 3029 hiemesque

460 3036 761 3114 profundae
779 3078 797 3110 ,
