2079 3613
287 295 411 357 332
553 305 999 368 THEBA1D05‚
1053 308 1195 356 Lm.
1247 310 1351 356 x1.
1467 304 1572 364 302

284 430 312 457 α
334 406 767 481 ΜεῳιεῬτοηιίε
790 405 1024 476 frustra,
1056 426 1244 463 vacuae
1271 425 1373 460 ceu
1397 406 1684 480 proximus

506 490 656 545 auloe.

282 597 311 627 κ
333 576 460 630 Non
487 575 565 629 ita
585 574 871 652 Sidoniam
897 574 1123 630 fortuna
1149 573 1438 649 reliquerit
1462 575 1661 631 urbem
1683 615 1699 643 .,

281 682 311 711 κ
329 661 399 714 In
429 672 483 715 te
507 673 566 715 ut
592 673 813 736 sceptra
834 659 1067 730 cadant,
1100 671 1253 715 tanto
1278 659 1655 735 indignissime

498 758 632 802 nato
654 747 666 801 !
1366 741 1377 748 i

281 854 310 884 α
335 832 454 887 Nec
480 831 614 885 mihi
642 830 880 888 difficilis
903 852 1147 908 praesens
1167 832 1444 901 vindicta3
1470 834 1572 888 sed
1599 850 1777 900 arma,

280 940 310 969 α
332 918 508 971 Arma
528 916 703 992 priuS,
730 917 951 973 famuli!
981 920 1199 974 Coeant
1225 918 1280 973 in
1300 919 1489 995 praelia
1514 918 1730 971 fratres.
1748 939 1776 966 n

355 1000 483 1055 Vult
499 1001 928 1076 gemituslenire
949 1004 1138 1058 Creon
1162 1025 1173 1057 ε
1196 1027 1226 1052 «ι
1246 1004 1492 1058 Lucrare
1506 1004 1779 1058 furorem:

280 1108 311 1138 «ι
327 1084 549 1143 Victori
573 1086 710 1141 mihi
738 1101 940 1143 cuncta
966 1086 1104 1143 lues,
1124 1112 1153 1139 n
1188 1089 1278 1143 Sic
1306 1087 1482 1162 jurgia
1512 1084 1742 1162 paulum

189 1245 192 1248 Δ
275 1170 503 1227 Distulit
521 1214 535 1239 ‚
568 1185 734 1247 atque
763 1192 980 1243 ensem,
1013 1193 1181 1249 quem
1208 1174 1319 1247 jam
1348 1171 1517 1228 dabat
1544 1170 1656 1239 ira,

497 1275 557 1309 re
604 1268 779 1311 ressit-

275 1339 430 1394 Ictus
456 1352 515 1393 ut
542 1276 762 1396 iiicerto
788 1338 1024 1416 pastoris
1051 1338 1282 1395 vulnere
1309 1358 1543 1413 serpens

272 1421 517 1497 Erigitur
539 1445 674 1501 gyro
696 1465 712 1493 ,
742 1423 1081 1500 longumque
1110 1442 1139 1477 e
1171 1442 1410 1495 corpore
1439 1434 1558 1477 toto

275 1507 449 1563 Virus
473 1507 532 1562 in
561 1528 655 1562 ora
679 1506 842 1583 legit,
873 1508 1105 1583 paulum
1133 1505 1177 1562 si
1203 1505 1395 1560 devius
1421 1505 1596 1561 hostis

275 1591 467 1648 Torsit
492 1592 625 1662 iter,
659 1591 913 1648 cecidere
939 1591 1134 1662 minae,
1167 1590 1582 1665 tumefactaque

500 1680 703 1734 frustra

276 1762 434 1823 Colla
460 1762 657 1821 sedent
675 1805 691 1836 ‚
723 1763 938 1841 irasque
960 1765 1046 1822 sui
1074 1764 1213 1822 bibit
1239 1764 1358 1841 ipse
1386 1761 1608 1823 veneni.

349 1852 427 1905 At
453 1849 692 1925 genitrix
716 1850 954 1927 primam
978 1851 1209 1907 funestae
1229 1849 1395 1906 sortis
1412 1891 1428 1919 ‚
1460 1862 1522 1904 ut
1550 1867 1739 1904 amens
1783 1870 1789 1874 ·

274 1935 520 2011 Expavit
545 1938 786 2006 famam,
820 1934 960 2014 (nec
988 1937 1150 1994 tarde
1180 1933 1457 2009 credidit)
1488 1933 1605 1988 ibat
1781 1925 1796 1934 i

273 2021 453 2078 Scissa
479 2040 695 2092 comam,
728 2023 997 2096 vultuque
1019 2062 1035 2091 ‚
1067 2032 1124 2076 et
1152 2033 1381 2097 pectore
1410 2016 1563 2073 nuda

502 2119 734 2160 cruento
759 2124 774 2175 3

257 2189 407 2246 ‘Non
433 2206 597 2245 sexus
624 2187 916 2246 decorisve
943 2207 1177 2245 memor.
1210 2187 1474 2249 Pentheia
1504 2185 1684 2261 qualis

275 2276 494 2340 Mater,
526 2271 598 2326 ad
625 2272 802 2326 insani
824 2271 1125 2327 scandebat
1155 2271 1391 2328 culmina
1420 2270 1654 2340 montis,

275 2356 610 2413 Promissum
637 2377 781 2413 saevo
808 2371 979 2434 caput
1008 2355 1239 2413 allatura
1264 2360 1454 2434 Lyaeo.

276 2442 406 2497 Non
433 2442 693 2512 comites,
723 2464 832 2498 non
862 2445 1010 2499 ferre
1037 2443 1172 2518 ipsae
1198 2443 1431 2518 vestigia
1455 2456 1599 2498 natae

277 2526 458 2604 AEqua
486 2529 698 2584 valent.
726 2530 971 2584 Tantum
996 2530 1212 2587 miserae
1239 2526 1397 2583 dolor
1429 2526 1654 2583 ultimus

457 2611 665 2711 &addit

275 2698 475 2755 Robur
494 2738 509 2766 ‚
539 2710 595 2751 et
622 2718 930 2774 exsangues
949 2700 1288 2756 crudescunt
1309 2694 1556 2751 luctibus
1583 2695 1741 2752 anni!

350 2783 593 2856 Jamque
621 2780 791 2838 decus
812 2785 978 2858 galeoe
995 2827 1007 2850 ‚
1035 2786 1146 2857 jam
1169 2780 1379 2857 spicula
1405 2799 1546 2834 saeva
1572 2779 1781 2855 ligabat

277 2865 522 2934 Ductor,
554 2878 607 2920 et
635 2867 706 2921 ad
731 2867 896 2923 lituos
920 2867 1158 2923 hilarem
1177 2909 1195 2933 ‚
1224 2862 1674 2941 intrepidumque

496 2950 754 3005 tubarum

277 3032 655 3108 Prospiciebat
678 3055 913 3113 equum;
940 3036 1128 3095 subito
1150 3055 1276 3093 cum
1297 3033 1559 3112 apparuit
1584 3033 1779 3109 ingens
