2079 3613
519 299 629 357 506
766 302 1206 363 τΗΕΒΑωοε,
1260 303 1403 348 mn.
1455 300 1561 348 x1.
1689 286 1809 354 341
1886 261 1891 274 “

318 421 347 447 <r
370 396 549 469 Vota;
578 397 747 475 piabo
772 418 969 456 manus
987 439 1004 469 ‚
1037 411 1092 454 et
1120 396 1321 453 eodem
1345 406 1578 472 pectora
1603 392 1753 449 ferro

318 503 345 530 κ
370 481 703 539 Rescindam
722 526 736 552 ,
765 485 898 541 dum
923 504 1013 540 me
1039 484 1284 539 moriens
1308 481 1405 537 hic
1431 490 1656 555 sceptra

541 580 827 627 tenentem
851 569 870 574 ⁹
1247 573 1254 580 ’

318 677 350 702 α
370 650 612 730 Linquat
631 698 647 725 ‚
682 668 738 711 et
762 655 914 713 hunc
941 674 1133 712 secum
1151 663 1344 732 portet
1368 650 1551 706 minor
1570 648 1772 705 umbra

333 799 336 804 ,
523 740 798 797 dolorem.
828 764 859 804 >1

388 826 565 879 Hasta
587 820 736 881 subit
755 826 920 884 velox
943 825 1146 901 equitis
1170 826 1353 882 femur
1371 822 1519 878 inter
1534 861 1550 890 ,
1576 817 1821 894 equique

314 909 418 965 Ilia
438 953 453 980 ,
485 912 712 988 utrique
738 914 929 971 volens
951 907 1164 969 letum:
1193 911 1294 967 sed
1317 910 1479 986 plaga
1501 904 1748 964 sedentis

221 1032 233 1042 ·
312 1000 530 1055 Laxato
552 1000 727 1055 vitata
754 1018 936 1073 genu;
965 1011 1153 1054 tamen
1174 998 1327 1053 irrita
1353 997 1474 1051 voti

316 1085 548 1158 Cuspis,
579 1083 638 1139 in
665 1084 904 1158 obliquis
929 1082 1145 1139 invenit
1172 1082 1403 1137 vulnera
1431 1082 1616 1137 costis,

317 1169 369 1220 It
396 1175 650 1241 praece'ps
670 1166 892 1243 sonipes
910 1208 927 1238 ‚
953 1165 1162 1222 strictae
1177 1178 1532 1239 contemptor
1552 1164 1815 1233 habente,

316 1254 579 1327 Arvaque
605 1251 905 1326 sanguineo
933 1250 1127 1308 scribit
1153 1250 1437 1306 rutilantia
1467 1268 1629 1326 gyro·

315 1338 595 1407 Exsultat,
626 1339 813 1395 fratris
840 1338 1076 1394 credens
1099 1337 1251 1393 hunc
1277 1356 1397 1393 esse
1423 1354 1701 1393 cruorem.

316 1423 513 1479 Credit
545 1424 746 1501 etipse
773 1438 942 1482 metu.
973 1424 1132 1494 Totis
1149 1425 1371 1499 jamque
1398 1421 1556 1480 exsul
1577 1420 1816 1477 habenis

221 1509 233 1522 ⁴
315 1507 602 1584 Indulget,
635 1531 925 1586 caecusque
953 1508 1145 1565 avidos
1169 1507 1332 1564 illidit
1358 1509 1414 1562 in
1440 1526 1649 1584 aegrum

312 1594 694 1670 Cornipedem
714 1615 907 1652 cursus
933 1616 943 1648 ε
965 1595 1271 1650 miscentur
1289 1594 1448 1649 frena
1466 1633 1481 1662 ,

522 1683 830 1756 manusque
851 1722 866 1750 ‚

219 1840 223 1844 ι
314 1765 569 1840 Telaque
593 1782 607 1833 ;
639 1777 695 1821 et
722 1764 794 1820 ad
821 1777 1050 1833 terram,
1071 1763 1305 1824 turbatis
1326 1762 1619 1839 gressibus,
1651 1759 1813 1817 ambo

317 1849 689 1926 Praecipitant.
719 1851 798 1904 Ut
821 1862 986 1905 nocte
1014 1862 1163 1929 rates
1182 1889 1201 1920 ,
1229 1869 1366 1923 quas
1382 1848 1606 1905 nubilus
1631 1857 1817 1902 auster

314 1933 636 2010 Implicuit,
665 1933 929 2011 frangunt
955 1946 1170 2004 tonsaS,
1199 1945 1530 2008 mutantque

536 2016 802 2076 rudentes
820 2062 837 2089 ,

314 2108 672 2181 Luctataeque
700 2104 800 2161 diu
824 2105 1104 2177 tenebri5‚
1134 2104 1468 2184 hyemique,
1498 2103 1737 2180 sibique,

312 2190 468 2247 Sicut
486 2203 652 2246 erant
671 2229 688 2261 ‚
717 2190 828 2247 imo
851 2193 1070 2271 pariter
1093 2192 1291 2250 sedere
1315 2190 1619 2267 profundo,

384 2278 517 2332 Haec
543 2296 746 2353 pugnae
770 2278 958 2335 facies.
988 2280 1213 2336 Coeunt
1241 2276 1358 2334 sine
1383 2296 1541 2333 more
1560 2317 1579 2348 ‚
1599 2276 1736 2354 sine,

534 2373 690 2416 arte:
1366 2428 1375 2431 ἱ

313 2445 555 2499 Tantum
583 2443 807 2511 animis,
835 2445 1032 2520 iraque
1056 2488 1070 2514 ‚
1100 2458 1271 2522 atque
1297 2446 1643 2521 ignescentia
1685 2501 1688 2505 .

541 2540 781 2582 cernunt

311 2616 418 2668 Per
443 2609 630 2687 galeas
653 2612 779 2667 odia
802 2604 824 2683 ,Χ
850 2626 906 2669 et
928 2612 1117 2669 vultus
1138 2615 1408 2671 rimantur
1432 2617 1632 2671 acerbo

314 2699 571 2757 Lumine.
600 2698 694 2756 Nil
720 2699 860 2755 adeo
883 2698 1075 2756 mediae
1102 2700 1343 2769 telluris,
1374 2715 1428 2756 et
1452 2721 1609 2758 enses

316 2786 620 2862 Impliciti,
658 2805 931 2861 nexaeque
960 2805 1154 2858 manus
1173 2829 1188 2856 ,
1220 2787 1547 2864 alternaque
1573 2791 1701 2847 saevi

314 2872 601 2928 Murmura
619 2915 634 2943 ,
661 2892 765 2929 ceu
786 2871 954 2929 lituos
972 2873 1221 2948 rapiunt,
1243 2885 1338 2931 aut
1359 2873 1512 2948 signa
1531 2875 1812 2934 tubarum.

315 2959 354 3010 F
357 2953 625 3012 ulmineos
653 2957 829 3014 veluti
853 2977 1106 3035 praeceps
1130 2977 1257 3013 cum
1283 2959 1535 3027 cominus
1556 2961 1672 3038 egit

315 3041 409 3095 Ira
434 3059 590 3112 sueS,
619 3042 936 3119 strictisque
967 3043 1146 3101 erexit
1171 3054 1401 3122 pectora
1427 3045 1557 3102 setis
1575 3088 1592 3119 ,
