2079 3613
287 176 410 236 130
628 139 1065 264 ΤΗΕΒΔζΒοε,
1119 184 1259 231 ΜΒ.
1312 182 1388 232 v,
1484 180 1593 257 393

274 304 302 333 α
326 282 509 338 Strata
535 278 696 357 gelu:
723 280 913 356 fragor
936 278 1068 336 inde
1090 279 1238 357 jugis
1253 317 1275 347 ,
1300 278 1432 335 inde
1457 281 1721 339 amnibus

496 365 605 421 irai.
1376 424 1388 431 ,

349 472 376 501 α
398 452 473 504 Ut
497 469 633 506 vero
662 449 809 505 elisit
833 447 1009 504 nubes
1033 453 1177 508 Jove
1204 461 1382 506 tortus
1410 449 1482 504 ab
1508 450 1621 507 alto

278 556 307 589 κ
328 534 479 610 Ignis
495 576 511 605 .,
543 547 601 593 et
625 536 883 610 ingentes
905 548 1142 611 patuere
1169 535 1230 591 in
1255 535 1488 592 fulmine
1514 550 1698 594 nautae
1717 580 1734 609 ‚

271 639 301 672 α
320 619 843 694 Diriguereanimi3
872 621 1237 696 manibusque
1267 622 1503 678 horrore
1530 624 1772 682 remissis

273 726 303 756 (ι
323 705 487 759 Arma
518 702 695 759 aliena
718 704 930 762 cadunt
948 748 965 778 ,
987 705 1225 762 redeunt
1250 707 1307 763 in
1330 718 1566 784 pectore
1586 729 1770 767 sexus.

273 810 304 841 α
323 788 618 845 Cernimus
648 788 939 862 AEacidas‚
978 791 1262 867 murisque
1297 793 1543 850 immane

499 876 802 932 minantem
1467 925 1470 930 .

272 980 303 1015 ot
318 961 592 1032 Antaeum,
621 973 679 1018 et
700 959 867 1037 longa
891 961 1202 1038 pellentem
1224 965 1459 1040 cuspide
1486 970 1658 1042 rupes

273 1042 572 1120 «Iphiton.
600 1046 858 1103 Attonito
893 1047 1223 1105 manifestus
1259 1048 1318 1104 in
1354 1050 1571 1128 agmine
1598 1071 1767 1127 supra

248 1141 255 1146 ’
488 1142 570 1187 est

266 1234 301 1268 ι(
323 1213 862 1292 Amphitryoniades
887 1258 904 1289 ‚
940 1237 1306 1297 puppemque
1347 1221 1594 1281 alternus

493 1300 759 1376 utrinque

271 1404 303 1434 a<
321 1382 588 1456 Ingravat
603 1425 620 1454 ‚
639 1396 694 1440 et
710 1387 923 1443 medias
938 1388 1101 1446 ardet
1123 1388 1463 1448 descendere
1485 1394 1541 1448 in
1561 1393 1762 1449 undas·

272 1488 306 1519 α
322 1468 402 1522 At
423 1465 595 1540 levis,
622 1483 680 1526 et
702 1473 910 1529 miserae
935 1475 1186 1532 nondum
1210 1477 1347 1533 mihi
1372 1492 1539 1534 notus
1561 1482 1728 1535 Iason

269 1572 304 1605 ι(
322 1556 590 1612 Transtra
621 1577 757 1634 per,
789 1571 847 1616 et
874 1580 1060 1618 remos
1078 1604 1094 1633 .,
1124 1562 1508 1642 impressaque
1535 1579 1694 1643 terga

494 1660 742 1698 virorum
761 1685 778 1715 ,

269 1745 301 1777 ε(
317 1725 478 1781 Nunc
503 1744 763 1803 magnum
786 1727 1055 1786 OEniden
1071 1771 1087 1801 ‚
1116 1751 1267 1790 nunc
1292 1733 1386 1792 ille
1411 1735 1727 1796 hortatibus

418 1876 427 1889 x
477 1810 640 1867 Idam
656 1853 674 1883 ‚

266 1915 296 1947 κ
316 1893 387 1949 Et
410 1894 675 1968 Talaiim‚
706 1911 764 1954 et
789 1919 932 1958 cana
962 1916 1248 1961 rorantem
1275 1908 1568 1983 aspergine
1598 1908 1768 1985 ponti

266 2000 296 2032 (t
316 1979 679 2056 Tyndariden
704 1983 912 2040 iterans
929 2027 944 2054 .,
964 1985 1245 2067 gelidique
1270 1990 1328 2044 in
1348 1993 1495 2048 nube
1516 1993 1766 2069 parentis

256 2088 298 2116 α
314 2065 460 2122 Vela
486 2065 835 2123 laborantem
863 2069 1063 2126 Cala'in
1088 2072 1430 2131 subnectere·
1446 2079 1592 2134 malo
1608 2122 1624 2148 ‚

266 2170 298 2199 κ
317 2149 478 2207 Voce
506 2168 786 2226 manuque
806 2165 982 2230 rogat.
1003 2156 1278 2225 Quatiunt
1301 2157 1625 2233 impulsibus
1648 2163 1726 2219 illi

264 2255 298 2286 κ
319 2233 486 2289 Nunc
511 2236 652 2291 freta
668 2277 685 2305 ‚
713 2256 863 2293 nunc
889 2257 1079 2297 muros
1100 2257 1115 2310 ;
1144 2238 1241 2297 sed
1267 2262 1376 2298 nec
1402 2249 1718 2320 spumantia

489 2319 700 2378 cedunt

261 2424 294 2457 κ
311 2403 558 2479 AEquora
577 2447 592 2474 ‚
623 2419 678 2461 et
701 2406 939 2466 incussae-
959 2410 1201 2469 redeunt
1227 2433 1262 2469 a
1283 2414 1535 2473 turribus
1563 2415 1761 2474 hastae.

257 2511 291 2542 κ
308 2489 440 2566 Ipse
454 2511 654 2569 graves
666 2492 880 2566 fluctnS,
899 2495 1232 2575 clavumque
1249 2500 1443 2558 audire
1458 2516 1764 2580 negantem

257 2595 290 2626 κ
308 2575 505 2633 Lassat
531 2597 701 2654 agens
725 2579 970 2659 Tiphys,
998 2581 1283 2661 palletque
1302 2629 1318 2657 ,
1351 2586 1416 2642 et*
1434 2587 1683 2661 plurima

475 2675 656 2719 mutat

253 2765 286 2798 α
306 2745 586 2825 Imperia,
623 2769 686 2806 ac
720 2750 882 2810 laevas
915 2734 1255 2830 dextrasque
1290 2755 1595 2833 obtorquet
1627 2757 1695 2816 in.

475 2840 656 2893 undas
1315 2846 1318 2849 ’

260 2936 291 2968 α
307 2916 533 2975 Proram
556 2925 859 3002 navifragis
887 2926 1106 2984 avidam
1132 2936 1463 2985 concurrere
1486 2930 1656 2988 saxis:
