2079 3613
329 271 457 333 2'58
600 267 1035 341 nummos»,
1088 279 1385 328 LIB.1x.
1493 273 1602 334 353

329 405 357 432 α
377 382 570 440 Parma
595 390 768 433 natat.
785 399 813 427 η
835 377 1003 432 Jacet
1025 374 1119 431 ifle
1142 379 1345 451 procul
1362 416 1378 446 ‚
1407 395 1521 451 qua
1545 375 1719 431 mixta

536 477 858 538 supremum

322 550 584 603 Ismenon
602 546 780 640 primi
808 558 1027 601 mutant
1055 546 1298 602 confinia
1320 546 1506 621 ponti.

320 613 705 707 Fluctivaga'm
731 631 810 687 sic
836 651 982 707 saepe
1009 630 1265 700 domum,
1284 631 1663 707 madidosque

538 729 772 791 penates
1756 711 1763 716 ’

322 801 620 877 Halcyone
646 800 866 856 deserta
890 798 1093 875 gemit,
1125 810 1250 854 cum
1277 800 1515 873 pignora
1541 811 1714 855 saevus
1758 849 1759 852 ,

322 892 550 949 Auster,
582 899 636 941 et
663 884 903 961 algentes
935 882 1121 959 rapuit
1147 882 1343 938 Thetis
1366 883 1556 940 invida
1581 881 1764 939 nidos,

324 983 602 1058 Mergitur
620 982 797 1037 orba
783 996 982 1038 iterum
1000 1020 1016 1049 ‚
1046 979 1382 1055 penitusque
1405 978 1622 1035 occulta
1649 976 1752 1035 sub

579 1067 752 1124 undis
763 1108 780 1136 ‚

325 1148 525 1204 Limite
552 1171 665 1205 non
684 1170 827 1216 unc),
855 1144 1131 1220 liquidum
1155 1163 1267 1220 qua
1294 1144 1490 1202 subter
1508 1144 1663 1201 eunti

324 1233 501 1287 Lucet
528 1230 878 1301 ite1⁹‚mise1i
903 1230 1277 1306 nequicquam
1302 1231 1496 1285 funera
1518 1229 1637 1284 nati

323 1317 598 1393 Vestigat‚
625 1315 949 1391 plangitque
977 1326 1188 1369 tamen.
1218 1316 1372 1390 Saepe
1397 1311 1659 1371 horridus

550 1402 766 1456 amnis

324 1483 559 1553 Obstat,
586 1498 640 1541 et
663 1483 909 1542 obducto
937 1482 1183 1560 caligant
1200 1477 1470 1559 §anguine
1499 1484 1657 1542 visus.

324 1567 428 1625 Illa
454 1584 639 1626 tamen
668 1590 910 1646 praeceps
936 1570 991 1625 in
1019 1574 1132 1625 tela
1162 1569 1395 1625 offendit
1420 1583 1479 1626 et
1503 1590 1688 1642 enses,

311 1653 724 1731 VScrutaturque
748 1675 913 1709 manu
939 1654 1155 1729 galeaS,
1186 1668 1238 1710 et
1266 1675 1448 1729 prona
1478 1651 1712 1712 reclina‘t

322 1741 575 1816 Corpora
591 1760 606 1813 ;
632 1760 736 1797 nec
759 1752 937 1817 ponto
966 1741 1219 1796 submota
1244 1739 1491 1795 intrabat
1525 1745 1770 1797 amaram

320 1824 532 1881 Do'rida
549 1869 563 1894 ‚
593 1847 904 1904 possessum
930 1826 1116 1882 donec
1139 1829 1251 1902 jam
1277 1825 1537 1880 fluctibus
1561 1825 1686 1880 altis

320 1911 621 1966 Nereidum
642 1912 902 1968 miserata
930 1910 1161 1981 cohow,
1192 1909 1265 1966 ad
1294 1923 1525 1986 pectora
1546 1913 1733 1966 matris

321 1995 571 2069 Impulit.
602 1995 704 2051 Illa
725 2017 906 2063 manu,
925 2017 1032 2052 ceu
1051 1996 1255 2062 vivum,
1277 1994 1531 2071 amplexa
1556 2007 1820 2069 reportat,

314 2077 698 2153 ,Insternitque
727 2082 865 2136 toris
889 2079 1170 2154 riparum,
1201 2093 1372 2155 atque
1398 2079 1629 2135 humida
1650 2081 1822 2137 siccat

321 2161 584 2216 Mollibus
610 2182 708 2218 ora
739 2165 909 2220 comis
926 2205 942 2232 ‚
974 2177 1142 2238 atque
1168 2163 1285 2220 haec
1307 2163 1606 2220 ululatibus
1631 2163 1818 2221 addite

398 2269 427 2296 «
448 2247 575 2300 Hoc
600 2247 700 2301 tibi
724 2248 953 2304 semidei
972 2268 1170 2304 munus
1193 2247 1438 2304 tribuere
1465 2246 1770 2322 parentes?

324 2352 351 2381 α
379 2329 430 2385 N
435 2348 501 2385 ec
525 2333 774 2389 mortalis
800 2331 974 2394 avus}>
997 2335 1077 2392 sic
1102 2346 1293 2390 nostro
1320 2334 1380 2388 in
1403 2332 1623 2408 gurgite
1671 2349 1675 2352 ·

544 2414 785 2492 regnas?

323 2522 352 2553 κ
374 2500 569 2556 Mitior
590 2501 701 2560 heu
729 2505 923 2561 misero
950 2503 1190 2572 discors,
1217 2501 1508 2579 alienaque
1534 2499 1726 2571 tellus,

323 2608 352 2636 α
374 2584 569 2640 Mitior
594 2587 741 2645 unda
757 2590 962 2651 maris!
991 2609 1114 2665 quae
1137 2591 1293 2664 juxta
1317 2586 1539 2642 flumina
1563 2592 1771 2662 corpus

324 2691 354 2720 «c
372 2670 624 2741 Rettulit,
647 2688 701 2731 et
721 2675 977 2732 miseram
996 2675 1114 2732 visa
1139 2685 1491 2747 exspectasse
1502 2684 1815 2746 parentem.

321 2776 352 2806 α
373 2757 523 2813 Hine
549 2761 659 2815 mei
691 2760 903 2817 vultus!
928 2763 1048 2816 haec
1073 2760 1219 2815 torvi
1244 2757 1452 2813 lumina
1477 2757 1692 2833 patris?

319 2865 353 2891 ιι
369 2841 441 2896 Hi
466 2843 642 2899 crines
667 2845 928 2901 undantis
952 2842 1084 2901 avi?
1109 2857 1169 2899 tu
1189 2842 1378 2900 nobile
1398 2844 1683 2921 quondam

320 2949 348 2983 «
369 2928 690 2997 Undarum,
719 2949 1126 3005 nemorumque
1154 2932 1360 3000 decuS,
1389 2950 1501 3005 quo
1533 2925 1741 3005 sospite

542 3031 721 3087 major
