2079 3613
432 306 540 367 333
677 309 1120 371 THEBAIDOS‚
1175 308 1316 358 mn.
1369 312 1476 358 lv.
1710 301 1790 381 95

296 431 330 460 α
352 408 517 464 Nunc
549 408 699 468 refer
725 427 879 463 arma
913 407 1156 463 domum.
1184 411 1300 462 Vos
1324 418 1514 462 autem
1538 405 1689 464 hunc
1714 407 1795 464 ire

522 495 715 550 sinetis
735 536 751 565 ‚

296 604 328 634 α
351 580 644 640 Arcades?
670 601 705 635 o
735 578 877 637 saxis
895 580 1156 637 nimirum
1172 623 1188 651 ‚
1224 594 1279 638 et
1304 580 1507 637 robore
1537 581 1656 635 nati
1678 584 1690 635 !
1713 604 1741 633 n

369 663 532 720 Plura
554 666 733 742 cupit.
762 665 888 720 Fusi
910 665 1123 721 circum
1146 679 1419 741 natusque
1439 708 1453 734 ‚
1483 664 1763 739 ducesque

296 748 589 817 Solantur,
619 751 992 825 minuuntque
1031 763 1241 821 metus,
1281 764 1338 807 et
1372 754 1485 827 jam
1514 750 1744 809 horrida

520 834 784 913 clangunt

301 918 468 996 Signa
497 920 662 975 tubae.
697 922 905 997 Nequit
930 922 1024 977 illa
1050 922 1148 997 pio
1176 920 1453 977 dimittere
1467 935 1666 979 natum

300 1005 641 1079 Complexu‚
658 1005 1004 1079 multumque
1027 1005 1156 1060 duci
1179 1005 1529 1059 commendat
1549 1006 1802 1096 Adrasto,

375 1090 442 1140 At
461 1100 624 1160 parte
648 1108 719 1142 ex
745 1088 853 1142 alia
875 1088 1077 1142 Cadmi
1103 1089 1377 1142 Mavortia
1398 1092 1615 1161 proleS‚

301 1173 507 1227 Moesta
543 1170 703 1224 ducis
725 1171 920 1238 suriiS,
952 1191 1060 1227 nec
1085 1169 1216 1226 belli
1243 1168 1435 1225 tenita
1461 1173 1635 1244 fama,

303 1253 571 1335 (Quando
591 1254 678 1310 his
700 1258 987 1331 vulgatum
1008 1257 1352 1313 descendere
1370 1256 1581 1314 viribus
1595 1262 1804 1342 Argos)

302 1342 546 1399 Tardius
565 1340 657 1397 illa
675 1343 934 1419 quidem,
959 1345 1133 1419 regi5‚
1162 1361 1452 1418 causaeque
1471 1345 1715 1420 pudore,

299 1430 513 1488 Verum
537 1426 683 1483 bella
706 1442 916 1486 movet.
948 1429 1100 1483 Nulli
1126 1428 1464 1503 distringere
1487 1431 1697 1490 serrum

288 1514 588 1588 ‚ImpetuS‚
619 1526 714 1568 aut
743 1515 1007 1569 humeros
1035 1512 1241 1587 clypeo
1266 1512 1522 1568 clausisse.
1546 1526 1786 1585 paterno

299 1598 514 1668 Dulce;
542 1618 649 1654 nec
669 1599 949 1675 alipedum
973 1601 1105 1674 juga
1133 1615 1386 1664 comere,
1414 1595 1599 1670 qualia
1625 1599 1758 1656 belli
1833 1607 1838 1610 ’

306 1683 561 1741 Gaudia:
591 1686 799 1758 dejecti
822 1684 1068 1760 trepidas
1094 1682 1213 1738 sine
1239 1693 1428 1737 mente
1445 1722 1461 1750 ‚
1491 1683 1609 1740 sine
1628 1685 1741 1755 ira,

305 1771 611 1825 Promisere
638 1791 846 1826 manus.
873 1772 984 1826 Hic
1010 1789 1154 1846 aegra
1180 1767 1239 1821 in
1265 1778 1415 1822 sorte
1441 1780 1735 1841 parentem

307 1853 650 1907 Unanimum
670 1893 686 1920 ‚
720 1853 815 1906 hic
843 1854 1037 1908 dulces
1063 1853 1335 1927 primaevae
1358 1851 1612 1923 conjugis
1637 1873 1813 1911 annos

311 1934 583 2010 Ingemit,
612 1949 667 1991 et
691 1936 903 2012 gremio
929 1935 1162 1988 miseros
1188 1950 1507 1985 accrescere
1531 1945 1711 1993 natos-

308 2019 549 2075 Bellator
573 2020 710 2075 nulli
736 2018 904 2075 caluit
928 2020 1083 2074 Deus
1105 2036 1120 2072 ε
1148 2016 1268 2092 ipsa
1297 2026 1513 2072 vetusto

314 2106 520 2162 Moenia
547 2105 688 2163 lassa
708 2106 843 2173 situ,
868 2123 1192 2182 magnaeque
1218 2099 1545 2177 Amphionis
1565 2122 1761 2176 arces,

315 2192 436 2244 Jam
463 2193 667 2248 fessum
695 2193 851 2248 senio
881 2191 1096 2246 nudant
1124 2188 1296 2255 latus3
1330 2199 1387 2241 et
1421 2184 1533 2240 fide
1562 2207 1720 2245 sacra
1751 2228 1756 2235 ·

317 2275 593 2350 AEquatos
620 2282 762 2331 coelo
782 2318 798 2344 ‚
833 2275 1063 2330 surdum
1090 2287 1258 2349 atque
1286 2271 1526 2348 ignobile
1555 2295 1744 2333 muros

316 2358 528 2414 Firmat
554 2381 706 2434 opus.
737 2361 950 2413 Tamen
977 2372 1030 2413 et
1057 2358 1259 2414 Boeotis
1282 2357 1513 2414 urbibus
1539 2360 1712 2417 ultrix

319 2443 535 2514 Aspirat
563 2442 694 2497 ferri
712 2440 924 2508 rabieS‚
948 2461 1058 2496 nec
1085 2441 1228 2516 regis
1254 2439 1431 2515 iniqui
1513 2450 1516 2477 ³

322 2524 610 2587 Subsidio,
638 2539 911 2597 quantum
937 2525 1086 2582 socia
1114 2546 1219 2601 pro
1248 2539 1414 2600 gente
1442 2544 1760 2590 moventur.

321 2608 425 2666 Ille
441 2652 456 2679 ‚
477 2608 640 2665 velut
666 2609 889 2682 pecoris
914 2611 1075 2682 lupus
1101 2623 1456 2683 expugnator
1480 2617 1679 2687 opimi,

325 2697 561 2754 Pectora
584 2693 796 2750 tabenti
823 2697 971 2747 sanie
997 2690 1178 2766 gravis
1195 2731 1211 2759 ‚
1239 2691 1494 2767 hirtaque
1521 2697 1654 2754 setis

327 2780 444 2838 Ora
471 2793 755 2838 cruentata
785 2775 1046 2834 deformis
1070 2774 1288 2837 hiantia
1312 2775 1439 2832 lana
1457 2819 1472 2847 ‚

329 2865 572 2921 Decedit
598 2864 858 2932 stabulis,
888 2863 1000 2919 huc
1019 2906 1033 2931 ‚
1062 2860 1195 2917 illuc
1219 2859 1445 2917 turbida
1474 2880 1700 2927 versans

331 2953 561 3006 Lumina
581 2991 598 3020 ‚
623 2949 668 3004 si
694 2948 820 3004 duri
847 2959 1135 3025 comperta
1164 2944 1321 3001 clade
1342 2964 1653 3023 sequantur

256 3104 265 3115 ο
333 3036 590 3099 pastores
607 3076 624 3109 ,
647 3034 946 3113 magnique
969 3034 1117 3111 fugit
1138 3053 1261 3093 non·
1275 3031 1484 3095 inscius
1504 3038 1642 3095 ausi.
