2079 3613
345 313 464 376 ¹⁹92
610 294 1007 353 wnzssAmos
1026 328 1043 361 ‚
1096 288 1238 345 Lm.
1290 288 1427 345 VII.
1525 291 1631 345 310

339 426 367 454 «
388 403 615 476 Hypsea
640 397 1036 476 quadrijugos:
1064 391 1250 469 clypei
1277 386 1642 467 septemplice
1669 397 1831 451 tauro

340 509 368 537 «
389 487 581 553 Laeva,
612 496 696 539 ter
723 483 912 540 insuto
938 491 1254 536 servantem
1278 474 1523 550 ingentia
1546 473 1698 528 ferro

337 592 366 621 α
385 569 612 625 Pectora
639 588 654 623 ι
682 589 813 624 nam
838 581 997 642 tergo
1021 582 1311 641 nunquam
1334 572 1536 617 metus·
1558 561 1734 616 Hasta

553 665 839 709 vetustum

335 760 364 790 κ
383 737 682 814 Sylvarum
706 737 879 794 decus
894 777 912 808 ,
935 735 1145 792 emissae
1171 735 1261 789 cui
1286 729 1481 808 pervia
1493 724 1726 806 'semper

334 844 364 875 ι(
385 824 676 898 Armaque
695 864 712 892 ‚
740 836 1114 901 pectoraque,
1150 832 1205 876 et
1232 828 1521 893 nunquam
1553 831 1750 869 manus

561 921 717 964 1rr1ta
748 910 885 965 voti.

338 1015 366 1045 «
386 993 597 1068 Asopos
622 993 877 1069 genuisse
898 992 1066 1048 datur
1081 1032 1097 1061 ‚
1125 990 1443 1066 dignusque
1463 982 1659 1044 videri.

337 1099 372 1128 α
390 1078 553 1132 Tunc
577 1091 760 1151 pater,
788 1076 1045 1152 abruptis
1066 1095 1195 1130 cum
1215 1068 1649 1132 torrentissimus
1670 1066 1786 1124 exit

336 1184 367 1214 <c
386 1160 656 1217 Fontibus
672 1202 688 1231 ‚
712 1172 809 1216 aut
835 1173 980 1216 natae
1004 1159 1251 1217 tumidus
1275 1177 1401 1215 cum
1428 1154 1659 1230 virginis
1684 1151 1833 1208 ultor

336 1269 364 1298 κ
385 1246 646 1301 Flumina
680 1244 992 1315 concussit,
1033 1263 1303 1321 generum
1334 1240 1627 1317 indignata
1872 1252 1875 1253 ’

556 1333 886 1386 Tonantem.

335 1440 365 1468 «
387 1417 643 1490 Namque
662 1416 850 1470 ferunt
868 1426 1084 1490 raptam
1106 1414 1302 1491 patriis
1317 1412 1558 1490 AEginan
1576 1403 1651 1464 ab
1669 1406 1835 1464 undis

338 1525 366 1553 α
388 1499 670 1575 Amplexu
696 1499 923 1556 latuisse
950 1499 1130 1557 sevis·
1156 1499 1316 1555 Furit
1339 1497 1521 1553 amnis
1538 1536 1554 1566 ‚
1584 1507 1642 1550 et
1672 1492 1833 1549 astris

335 1609 364 1639 <c
386 1588 642 1643 Infens'us
666 1584 874 1642 bellare
902 1598 1067 1662 parat
1089 1583 1377 1664 (nondum
1396 1584 1500 1639 ista
1519 1581 1725 1638 licebat

334 1695 364 1725 κ
385 1673 507 1741 Nec
532 1669 818 1749 SuperiS.)
846 1672 1015 1729 Stetit
1041 1671 1285 1726 audaces
1310 1669 1518 1725 effusus
1542 1667 1604 1721 in
1627 1663 1769 1735 iraS‚

333 1757 793 1833 «Conseruitque
828 1762 1029 1815 manus
1052 1796 1068 1828 ‚
1102 1774 1207 1813 nec
1246 1773 1411 1831 quem
1443 1752 1772 1830 imploraret

548 1841 793 1900 habebat
813 1885 831 1915 ‚

332 1951 363 1983 «
382 1930 579 1986 Donec
603 1928 698 1987 vix
724 1929 932 1986 tonitru
959 1941 1264 1986 summotus
1282 1967 1299 1998 ‚
1326 1937 1382 1983 et
1405 1926 1533 2000 igne
1560 1919 1784 1979 trisulco

329 2038 359 2067 «
382 2013 574 2072 Cessit.
600 2014 808 2071 Adhuc
831 2015 973 2090 ripis
995 2014 1274 2071 animosus
1294 2030 1496 2089 gurges
1516 2005 1728 2065 anhelis
1745 2046 1761 2076 ‚
1800 2035 1811 2046 ι

328 2126 360 2152 ιι
381 2100 740 2157 Fulmineum
762 2099 1027 2169 cinerem,
1054 2119 1372 2175 magnaeque
1400 2095 1635 2173 insignia
1654 2110 1830 2169 poenae

330 2209 360 2239 κ
380 2184 609 2241 Gaudet
625 2225 642 2253 ‚
667 2196 724 2239 et
750 2184 998 2241 AEtnaeos
1019 2186 1080 2240 in
1103 2186 1301 2243 coelum
1329 2185 1511 2239 efflare
1530 2198 1787 2256 vapores,

331 2296 362 2325 κ
381 2271 579 2327 Talem
599 2270 860 2328 Cadmaeo
880 2271 1174 2328 mirabitur
1192 2274 1424 2347 Hypsea
1451 2288 1650 2343 campo
1664 2306 1683 2338 ,

328 2381 359 2411 c<
380 2358 439 2416 Si
462 2358 631 2415 modo
650 2357 810 2434 placa
824 2358 901 2415 vit
922 2359 1059 2415 felix
1080 2358 1279 2437 AEgina
1299 2360 1632 2413 Tonantem.

326 2466 356 2495 ι(
379 2441 550 2497 Ducit
577 2441 865 2499 Ithonaeos
888 2458 946 2502 et
969 2444 1378 2501 Alalcomenaea
1399 2440 1667 2497 Minervae

329 2552 359 2581 «
380 2526 623 2611 Agmina
641 2571 658 2599 ,
696 2548 838 2606 quos
866 2529 1021 2587 Mide
1041 2571 1057 2600 ‚
1095 2550 1237 2606 quos
1269 2526 1499 2585 humida
1528 2521 1774 2601 suggerit

551 2617 709 2673 Arne
726 2660 743 2687 ,

326 2694 355 2757 κ’
376 2700 582 2761 Aulida
622 2703 718 2779 qui
752 2707 1083 2780 Graeamque
1122 2712 1314 2760 serunt
1334 2740 1351 2768 ,
1387 2696 1705 2769 viridesque
1746 2691 1751 2696 ’

475 2857 480 2859 v
541 2788 766 2845 Plataeas
782 2831 799 2861 ‚

328 2898 358 2927 α
378 2874 452 2929 Εῑ
479 2872 634 2929 sulco
657 2876 901 2930 Peteona
927 2872 1192 2941 domant,
1221 2868 1562 2943 refluumque
1588 2875 1777 2921 meatu
1810 2883 1813 2894 ²

326 2981 357 3011 «
377 2960 670 3034 Euripum,
689 2958 802 3035 qua
821 2972 1017 3017 noster
1028 2957 1166 3029 abit,
1184 2975 1409 3032 quaque
1429 2952 1623 3011 ultima
1643 2962 1828 3007 tractu

330 3069 358 3097 κ
379 3042 691 3101 Anthedon
708 3084 726 3117 ‚
755 3046 851 3102 ubi
877 3043 1156 3121 gramineo
1182 3045 1254 3103 de
1279 3042 1471 3101 littore
1493 3037 1741 3099 Glaucus
