2079 3613
178 400 187 408 ⁶
258 314 386 394 388
517 334 1037 398 Acntnnmnos„
1092 337 1234 384 me.-
1282 339 1335 385 1.
1467 336 1541 408 40

259 465 289 495 α
310 438 434 495 Illic
450 433 544 515 (ni
558 434 717 491 fallor
742 432 765 514 )
794 434 1159 510 Lapitharum
1177 433 1367 509 praelia
1387 433 1537 492 ludit

259 548 288 579 α
310 521 634 599 Improbus,
657 532 712 575 et
737 519 918 616 patria
941 522 1053 591 jam
1072 539 1130 578 se
1154 519 1383 576 metitur
1401 520 1462 577 in
1480 521 1659 578 hasta.

258 632 287 663 «
308 611 359 664 Ο
378 607 568 663 dolor!
594 605 628 661 ὃ
646 604 754 659 seri
773 615 1026 660 materno
1054 605 1111 659 in
1132 602 1301 660 corde
1328 603 1587 662 timores!

258 717 289 748 α
308 693 460 750 Num
478 687 640 767 potui
653 729 670 758 ,
700 687 927 759 infelix,
954 707 1083 745 cum
1104 687 1366 765 primum
1365 686 1423 742 in
1441 687 1661 764 gurgite

323 821 330 828 .
469 784 664 827 nostro

258 876 289 907 α
305 854 552 911 Raetheae
565 852 822 910 cecidere
843 866 896 909 ti
899 852 1063 921 abes
1082 849 1339 908 attollere
1362 870 1627 928 magnum

254 961 285 992 κ
308 939 523 1015 ,Εφιοτ
541 935 568 993 ?
589 950 645 994 et
660 937 853 993 incesti
871 937 1154 1013 praedonis
1174 938 1297 993 vela
1316 979 1332 1003 ‚
1356 936 1639 1010 profunda

254 1045 287 1077 α
306 1027 666 1098 Tempestate
687 1023 887 1098 sequi?
904 1033 1244 1096 cunctasque
1268 1022 1474 1079 inferre
1490 1037 1708 1077 sorores
1719 1022 1761 1097 ’ἓν

258 1129 289 1160 α
307 1106 360 1163 Ν
363 1126 473 1165 unc
496 1100 788 1184 quoque...
805 1104 920 1163 Sed
940 1105 1164 1162 tardum
1190 1117 1272 1160 est
1294 1124 1308 1159 ε
1329 1107 1441 1179 jam
1462 1106 1633 1182 plena

471 1192 671 1268 injuria
696 1203 890 1266 raptae.
1537 1244 1540 1247 .

253 1299 283 1331 ot
305 1276 410 1332 Ibo
435 1287 624 1332 tamen
638 1317 654 1344 ,
675 1275 970 1351 pelagique
990 1277 1142 1332 Deos
1161 1316 1177 1346 ,
1203 1274 1565 1352 dextramque

475 1359 704 1416 secundi
731 1402 748 1428 ,

252 1469 282 1499 «
305 1443 476 1520 Quod
490 1455 750 1519 superest
765 1483 782 1515 ,
812 1442 1103 1520 complexa
1119 1447 1156 1501 J
1159 1445 1310 1515 ovis;
1339 1465 1445 1520 per
1464 1443 1714 1520 Tethyos

473 1547 647 1585 annos
1053 1584 1056 1591 Α

253 1640 287 1667 «ι
306 1613 787 1689 Grandaevum'que
813 1625 1067 1688 patrem,
1087 1613 1329 1691 supplex
1352 1613 1671 1673 miseranda

475 1697 709 1773 rogabo
1500 1750 1506 1759 ,

251 1809 283 1840 κ
299 1783 481 1842 Unam
496 1782 830 1861 hyemem.»
847 1782 1042 1856 Dixit,
1072 1803 1443 1861 magnumque
1472 1784 1530 1842 in

454 1882 708 1946 tempore
736 1890 939 1948 regem

245 1950 505 2032 Aspicit:
531 1954 751 2012 Oceano
775 1953 1035 2012 veniebat
1051 1953 1121 2010 ab
1146 1954 1403 2031 hospite,
1428 1958 1627 2013 mensis

242 2043 458 2110 Laetus,
480 2051 539 2095 et
557 2057 815 2134 aequoreo
841 2039 1074 2096 diffusus
1094 2051 1322 2097 nectare
1348 2043 1566 2116 vultus,

241 2123 412 2194 Unde
428 2122 644 2178 hiemes
663 2122 928 2204 ventique
950 2121 1150 2192 silent,
1175 2134 1456 2199 cantuque
1477 2126 1669 2201 quieto
1723 2178 1731 2184 .

240 2208 523 2285 Armigeri
546 2207 808 2263 Tritones
824 2221 990 2275 eunt,
1018 2207 1422 2283 scopulosaque
1449 2223 1603 2282 cete,

238 2291 632 2370 Tyrrhenique
652 2310 879 2369 gregeS,
905 2293 1231 2369 circumque
1260 2294 1515 2369 infraque

460 2387 721 2438 rotantur
747 2419 764 2447 ‚

236 2463 397 2540 Rege
418 2461 677 2520 salutato.
702 2461 939 2519 Placidis
962 2460 1085 2538 ipse
1111 2463 1317 2520 arduus
1341 2463 1507 2521 undis

236 2547 462 2606 Eminet
474 2589 491 2618 ,
517 2560 574 2604 et
596 2546 804 2624 triplici
822 2541 1104 2617 telo'iubet
1121 2547 1201 2602 ire
1214 2547 1444 2623 jugales.

237 2636 333 2695 Illi
364 2635 693 2711 spumiferos
720 2633 1030 2709 glomerant
1051 2654 1090 2706 a«
1106 2646 1335 2708 pectore
1356 2636 1553 2691 fluctus
1575 2657 1589 2690 :

233 2724 383 2777 Pone
405 2731 604 2776 natant
623 2760 640 2790 ‚
669 2719 967 2792 delentque
983 2719 1194 2792 pedum
1214 2719 1447 2793 vestigia
1473 2721 1670 2779 cauda.

236 2805 345 2862 Cui
369 2803 594 2861 Thetis:
621 2827 649 2857 «
669 2803 721 2859 O
747 2802 937 2879 magni
957 2814 1148 2858 rector
1163 2801 1500 2880 genitorque

456 2886 729 2964 profundi
752 2887 764 2942 !

237 2996 267 3027 α
286 2970 498 3046 Aspicis
510 2972 576 3046 ¹in
591 2971 781 3045 quales
799 2972 1059 3044 miserum
1083 2973 1422 3048 patefeceris
1441 2992 1573 3050 usus

236 3082 268 3114 κ
286 3053 542 3134 AEquor'?
565 3070 696 3124 eunt
716 3058 848 3116 tutis
872 3071 1147 3118 terrarum
1163 3057 1398 3119 crimina
1411 3057 1549 3124 velis
1562 3101 1582 3126 ,
