2079 3613
619 224 698 245 l

454 299 562 376 597
698 295 1098 347 'racemos
1115 327 1137 359 ,
1183 293 1338 344 mv.
1391 280 1529 345 vn.
1690 285 1820 348 203

226 390 231 393 ⁸
318 394 547 474 Spicula
573 392 925 451 semianimes
945 435 963 465 ,
998 391 1321 469 gemituque
1354 390 1608 449 imitante

543 479 803 557 querelas
823 519 841 549 ‚

317 568 515 643 Saucia
536 567 756 623 dilectis
780 562 1058 622 aeclinant
1080 575 1315 641 pectora
1338 562 1533 617 muris.

316 655 548 732 Templa
586 666 781 730 puteS,
820 650 1129 726 urbemque
1168 648 1329 725 rapi,
1369 646 1699 725 facibusque

540 736 801 797 nefandis
1009 764 1012 769 ·
1192 758 1223 784 ο

315 823 575 881 Sidonios
601 821 800 878 ardere
824 819 966 878 lares
993 838 1008 876 ε
1044 820 1126 876 sic
1153 817 1367 875 clamor
1388 818 1600 895 apertis

313 908 583 964 Exoritur
605 907 801 964 muris.
839 905 1073 965 Mallent
1106 902 1384 961 cunabula
1411 901 1602 979 magni

313 990 607 1057 Herculis,
631 1004 731 1046 aut
751 990 997 1047 Semeles
1021 988 1373 1057 thalamum,
1398 1000 1496 1044 aut
1524 989 1817 1066 penetrale

525 1074 698 1130 ruisse

316 1158 669 1216 HarmonieS.
697 1154 897 1214 Cultor
916 1114 1217 1215 Bacehaeus
1233 1157 1487 1213 Acontea
1510 1156 1771 1231 Phegeus

312 1247 352 1304 J
354 1266 444 1301 am
469 1260 706 1309 vacuum
732 1242 860 1300 telis
876 1283 894 1315 ,
917 1240 1255 1321 geminoque
1282 1241 1342 1298 in
1370 1241 1639 1319 sanguine

531 1340 803 1387 ovantem

314 1413 584 1471 Cominus
604 1435 735 1472 ense
754 1414 906 1472 serit.
936 1413 1198 1472 Subeunt
1221 1415 1423 1489 Tegaea
1446 1415 1717 1488 juventus

313 1500 528 1556 Auxilio
557 1500 724 1556 tardi.
745 1503 781 1558 J
784 1520 875 1556 am
889 1518 1073 1577 ‘supra
1096 1518 1254 1557 sacra
1274 1500 1528 1563 ‚ferarum

314 1587 573 1663 Corpora
598 1585 859 1645 moerenti
886 1585 1108 1660 juvenis
1135 1586 1287 1660 jacet
1311 1583 1447 1640 ultio
1476 1581 1721 1641 Baccho.

316 1670 625 1745 Rumpitur
657 1684 716 1727 et
739 1671 974 1728 Graium
997 1668 1184 1736 subito
1209 1688 1310 1746 per
1342 1681 1526 1726 eastra
1553 1666 1799 1724 tumultu
1862 1700 1868 1709 ·

311 1753 647 1811 Concilium.
672 1756 844 1829 Fugit
868 1768 1132 1812 externos
1154 1758 1381 1812 Iocasta
1398 1775 1508 1831 -per
1530 1754 1724 1812 hostes
1739 1794 1761 1825 ‚

313 1842 445 1897 Jam
471 1859 589 1896 nom
608 1858 741 1895 ausa
757 1857 974 1914 preces.
994 1840 1197 1896 Natas
1180 1857 1476 1913 ipsamque
1495 1839 1787 1913 repellunt

311 1926 423 2000 Qui
436 1924 607 1983 modo
627 1937 744 1981 tam
762 1924 945 1995 mites3
966 1936 1022 1980 et
1036 1942 1289 2000 praeceps
1307 1934 1577 1998 tempore
1578 1925 1817 2000 Tydeus

313 2014 524 2070 Utitur.
560 2017 683 2069 «lte
701 2030 825 2088 age,
847 2030 1001 2067 nunc
1018 2029 1216 2089 pacem
1234 2024 1479 2087 sperate,
1502 2008 1820 2109 fidemque!
1872 2027 1873 2030 ’

315 2124 345 2155 «
362 2105 527 2157 Nunc
550 2099 745 2157 saltem
769 2096 1000 2155 differre
1025 2100 1220 2155 nefas
1203 2095 1231 2135 Ῥ
1254 2097 1511 2176 potuitne
1538 2097 1776 2167 morari,

291 2203 295 2213 ¹
316 2210 346 2239 κ
364 2186 514 2243 Dum
539 2185 778 2262 genitrix
799 2183 1029 2241 dimissa
1044 2182 1234 2246 redit?
1253 2207 1283 2238 »2
1304 2182 1400 2243 Sic
1420 2186 1567 2241 satus
1583 2197 1823 2262 ‚aperto

312 2272 457 2328 Ense
483 2286 645 2330 vocat
669 2271 870 2329 socios.
901 2272 1128 2327 Saevus
1113 2291 1225 2354 jam
1251 2269 1482 2340 clamor,
1506 2284 1566 2327 et
1592 2271 1689 2327 irae

309 2356 457 2414 Hinc
482 2369 651 2431 atque
678 2356 813 2411 inde
838 2355 1045 2442 calent
1066 2346 1238 2412 Nullo
1262 2358 1426 2414 venit
1451 2355 1688 2413 ordine

435 2471 440 2484 2
529 2439 777 2497 bellum:
1160 2477 1166 2486 ,
1492 2481 1496 2486 .
1526 2479 1531 2485 .

310 2525 655 2600 Confusique
675 2524 852 2581 duces
876 2524 1079 2621 vulgo,
1112 2537 1168 2581 et
1181 2523 1452 2600 neglecta
1477 2538 1777 2601 regentum

233 2636 238 2640 ·
309 2612 594 2691 Impelia.
610 2630 723 2667 una
742 2609 962 2686 equites
976 2610 1158 2677 mum,
1172 2607 1541 2684 peditumque
1557 2622 1817 2680 catat-vm,
1885 2676 1893 2688 θ

310 2702 381 2756 Et
407 2698 598 2776 rapidi
617 2715 840 2758 currus.
861 2694 1068 2753 Premit
1089 2694 1363 2773 indigesta
1387 2708 1614 2752 ruentes

311 2786 518 2860 Copia,
544 2804 652 2841 nec
678 2805 795 2843 sese
825 2796 986 2841 vacat
1013 2795 1319 2850 ostentare,
1349 2799 1454 2838 nec
1475 2781 1695 2840 hostem

309 2869 574 2927 Noscere.
611 2871 701 2928 Sic
728 2870 922 2928 subitis
948 2867 1253 2939 Thebana,
1282 2867 1603 2956 Argivaque
1628 2859 1881 2948 pubes

311 2955 623 3013 Conflixere
650 2957 843 3035 globis.
868 2959 1048 3014 Retro
1072 2956 1311 3027 vexilla,
1343 2957 1599 3034 tubaeque

309 3040 442 3101 Post
467 3049 716 3134 tergum,
738 3056 802 3103 et
819 3044 947 3104 litui
972 3041 1225 3105 bellum
1209 3061 1481 3109 invenere
1504 3046 1701 3108 secuti.
