2079 3613
500 293 618 374 593
746 289 1190 357 THEBAmos,
1242 292 1386 345 Lm.
1438 300 1545 347 Ἦ.
1701 296 1823 373 167

319 398 357 453 J
359 393 612 471 amsuit,
638 403 810 470 atque
839 411 1061 468 aequum
1084 393 1356 452 summisit
1380 395 1575 471 regula
1596 395 1800 471 limen,

320 482 656 557 Corripuere
681 478 837 536 leves
863 479 1110 556 spatium
1127 521 1143 549 ‚
1168 499 1482 557 campoque
1506 480 1723 540 refulsit

315 565 490 622 Nuda
502 565 724 623 cohors.
740 564 1019 625 volucres
1039 563 1241 622 iisdem
1256 564 1426 623 modo
1449 563 1666 622 tardius
1682 567 1826 628 arvis

314 650 431 707 Isse
461 651 727 709 videntur
752 650 906 727 equi.
936 650 1152 707 Credas
1177 670 1208 706 e
1233 649 1406 727 plebe
1433 650 1735 728 Cydonum

311 737 756 815 Parthorumque
784 738 917 812 fuga
940 737 1180 793 totidem
1204 736 1493 794 exsiluisse
1511 739 1758 813 sagittas,

311 822 443 878 Non
468 822 630 879 aliter
654 821 864 879 celeres
888 824 1162 899 Hyrcana
1186 841 1293 897 per
1322 821 1444 879 avia
1468 825 1649 894 cervi,

305 907 451 961 Cum
474 905 677 983 procul
699 905 923 982 impasti
950 906 1238 968 fremitum
1265 925 1535 984 accepere
1557 909 1759 982 leonis,

311 991 442 1046 Sive
464 1003 699 1065 putant:
722 991 872 1063 rapit
888 992 1152 1045 attonitos
1171 989 1302 1063 fuga
1323 1011 1467 1049 caeca
1482 1015 1500 1062 ς
1518 1008 1818 1074 metusque

310 1075 669 1152 Congregat,
704 1084 761 1129 et
796 1073 1027 1149 longum
1063 1072 1204 1129 dant
1234 1092 1447 1131 cornua
1476 1077 1650 1135 mixta

535 1161 840 1233 fragorem.

377 1246 588 1323 Effugit
610 1245 703 1301 hic
731 1242 922 1299 oeulos
948 1242 1149 1318 rapida
1173 1264 1319 1320 puer
1345 1244 1503 1301 ocior
1529 1264 1667 1302 aura

302 1329 630 1401 MaenaIiuS‚
659 1348 828 1405 quem
849 1326 1058 1389 deinde
1084 1329 1263 1404 gradu
1285 1330 1490 1407 premit
1515 1329 1778 1390 horridus

527 1415 662 1473 Idas
677 1457 692 1485 ,

299 1504 659 1582 Inspiratque
699 1501 975 1572 humero;
1019 1502 1269 1578 flatuque
1307 1513 1365 1558 et
1400 1502 1652 1579 pectoris

523 1590 721 1646 umbra
1328 1604 1346 1623 ¹

300 1677 482 1753 Terga
510 1677 731 1754 premit.
762 1678 892 1731 Post
930 1674 1191 1750 ambiguo
1218 1672 1538 1735 discrimine
1568 1673 1807 1732 tendunt

296 1762 608 1820 Phaedimus
642 1775 811 1837 atque
844 1761 1053 1820 Dimas.
1090 1759 1212 1820 Illis
1250 1758 1402 1818 celer
1436 1759 1692 1818 imminet

401 1885 406 1890 ·
504 1847 707 1904 Alcon.

293 1935 488 1993 Flavus
515 1935 587 1991 ab
611 1933 835 1989 intonso
865 1930 1158 2008 pendebat
1184 1927 1397 1986 vertice
1423 1929 1594 1986 crinis

291 2020 547 2080 Arcados
569 2039 582 2076 :
612 2020 725 2076 hoc
751 2017 949 2095 primis
973 2015 1180 2074 Triviae
1204 2014 1478 2092 pascebat
1503 2014 1578 2070 ab
1602 2016 1766 2073 annis

289 2109 500 2163 Munus
517 2149 530 2172 ‚
556 2120 612 2162 et
637 2106 860 2184 Ogygio
884 2103 1075 2162 victor.
1096 2120 1226 2159 cum
1254 2103 1436 2158 Marte
1464 2099 1739 2172 redisset,

236 2223 242 2226 ·
287 2193 677 2269 Nequicquam
701 2193 899 2267 patriis
923 2189 1109 2246 audax
1134 2187 1469 2266 promiserat
1496 2187 1624 2246 aris.

289 2268 454 2335 Tunc
472 2278 628 2335 liber'
642 2299 825 2344 nexu,
848 2278 1071 2353 lateque
1101 2275 1159 2330 in
1182 2286 1344 2350 terga
1366 2272 1583 2331 solutus

287 2362 545 2420 Occursu
573 2362 830 2438 Zephyri
854 2374 1008 2417 retro
1034 2361 1215 2434 fugin
1249 2372 1305 2415 et
1333 2357 1496 2414 simul
1527 2358 1711 2434 ipsum

286 2447 563 2519 Impedit,
596 2447 913 2520 infestoque
943 2445 1138 2503 volans
1170 2442 1490 2500 ostenditur
1510 2445 1656 2502 -Idae.

290 2530 435 2585 Inde
472 2529 665 2585 dolum
700 2530 957 2600 iuvenis,
996 2529 1298 2606 fraudique
1338 2528 1709 2585 accommoda

510 2623 684 2668 sensit
1050 2655 1053 2658 .
1726 2623 1732 2629 ’

285 2703 607 2775 Tempora:
637 2697 750 2772 jam
776 2694 945 2752 finem
973 2697 1161 2770 juxta,
1188 2695 1325 2750 dum
1345 2693 1542 2749 limina
1565 2695 1745 2753 victor

282 2785 721 2861 Parthenopaeus
745 2781 886 2852 init,
919 2797 1183 2858 correpto
1210 2780 1394 2847 crine,
1424 2777 1716 2838 reductum
1810 2824 1823 2838 ,

282 2874 568 2948 Occupat,
592 2884 648 2929 et
673 2869 848 2944 longae
869 2869 1084 2945 primus
1110 2869 1240 2927 serit
1265 2867 1405 2924 ostia
1433 2879 1612 2926 metae.

283 2957 530 3013 Arcades
558 2980 707 3031 arma
735 2960 1011 3028 l'remunt3
1039 2957 1208 3013 armis
1232 2954 1542 3012 defendere
1561 2976 1783 3034 regem,

284 3042 356 3097 Ni
379 3055 608 3120 raptum
633 3046 809 3104 decus
827 3084 844 3117 ,
872 3057 929 3103 et
954 3043 1139 3102 meriti
1165 3042 1479 3112 reddantur
1501 3039 1746 3103 honores
1764 3084 1784 3114 ‚
