2079 3613
675 254 1122 323 ·rnssssnnos,
1174 255 1317 338 ΜΒ.
1367 255 1476 305 x1.
1624 242 1755 326 ὄις)

309 655 322 667 ·
373 606 741 692 LIBER
828 603 1619 693 UNDECIMUS.

251 922 609 1017 POSTQUAM
637 947 1020 1022 magnanimus
1044 948 1218 1004 furias
1243 949 1462 1006 virtutis
1480 950 1687 1027 iniquae

255 1035 616 1109 Consumpsit
643 1035 979 1108 CapaneuS‚
1007 1031 1419 1107 exspiravitque
1453 1050 1751 1112 receptum

253 1120 521 1188 Fulmen,
543 1131 600 1173 et
620 1117 693 1174 ad
719 1129 895 1173 terras
915 1114 1077 1191 longe
1107 1117 1371 1174 comitata
1398 1115 1693 1176 cadentem

179 1271 190 1272 ἶ
253 1202 499 1276 Signavit
524 1222 711 1259 muros
736 1200 949 1259 ultricis
976 1199 1172 1257 semita
1197 1201 1458 1257 flammae:

248 1287 553 1365 Componit
576 1289 774 1348 dextra.
792 1287 975 1347 vietor
996 1306 1263 1343 concussa
1286 1287 1575 1365 plagarum

246 1372 542 1450 Juppiter‚
576 1388 633 1430 et
658 1375 821 1433 vultu
849 1373 1163 1449 coelumque
1190 1372 1447 1449 diemque
1470 1374 1702 1433 reducit.

251 1460 559 1514 Gratantur
581 1458 817 1535 Superi,
848 1457 1094 1534 Phlegrae
1118 1478 1223 1514 ceu
1242 1460 1416 1514 fessus
1434 1458 1660 1516 anhelet

250 1541 434 1599 Praelia
454 1586 467 1611 ,
489 1557 543 1599 et
570 1543 857 1601 Encelado
883 1546 1186 1600 fumantem
1207 1543 1555 1620 impresserit

467 1629 715 1686 AEtnam.

249 1712 353 1770 Ille
378 1716 525 1789 jacet
548 1714 747 1772 lacerae
774 1714 1103 1790 complexus
1126 1713 1398 1789 fragmina
1421 1716 1618 1789 turris»,

250 1805 471 1858 Torvus
498 1799 684 1855 adhuc
706 1798 861 1868 visu,
893 1797 1370 1874 memorandaque
1395 1801 1544 1857 facta

479 1885 806 1961 relinquens
837 1926 842 1927 ν

250 1971 528 2029 Gentibus
544 2012 561 2042 ‚
592 1983 761 2045 atque
786 1966 894 2044 ipsi
912 1987 1027 2023 non
1053 1963 1375 2023 illaudanda
1403 1967 1667 2029 Tonanti:

185 2118 198 2129 ἱ
252 2059 506 2128 Quantus
528 2054 839 2132 Apollineae
864 2065 1168 2110 temerator
1192 2049 1384 2108 matris
1409 2054 1635 2109 Averno
1718 2082 1722 2085 ·

254 2139 534 2198 Tenditur
552 2182 568 2211 ‚
590 2140 723 2216 ipsae
746 2138 973 2195 horrent
992 2181 1012 2208 ,
1034 2137 1080 2194 si
1102 2137 1331 2215 quando
1349 2136 1587 2214 pectore
1613 2138 1683 2194 ab

476 2223 589 2281 alto
837 2286 842 2288 v

249 2314 554 2389 Emergunt
573 2309 860 2381 volucres,
888 2310 1268 2386 immensaque
1295 2311 1542 2368 membra

462 2395 696 2469 jacentis
941 2398 948 2404 '

252 2481 524 2554 Spectant
542 2518 557 2545 ,
592 2477 723 2532 dum
748 2476 962 2532 miserae
986 2490 1244 2534 crescunt
1264 2477 1321 2533 in
1342 2475 1543 2553 pabula
1563 2477 1715 2533 fibrae
1738 2498 1754 2530 ι

249 2562 342 2621 Sic
370 2573 568 2638 gravat
589 2558 826 2633 injectus
845 2572 1025 2614 terras
1041 2601 1058 2628 .,
1086 2559 1418 2636 hostiliaque
1441 2561 1555 2616 urit

250 2649 403 2705 Arva
419 2687 442 2715 .,
482 2656 540 2700 et
560 2643 918 2699 anhelantem
946 2643 1159 2699 coelesti
1183 2645 1452 2721 sulphure
1473 2663 1753 2723 campum..

324 2727 628 2805 Respirant
650 2726 860 2786 Thebae
874 2769 890 2798 ,
921 2727 1262 2806 templisque
1282 2728 1526 2807 jacentia

479 2826 708 2890 surgunt

251 2898 492 2975 Agmina
511 2918 527 2969 ;
549 2900 660 2974 jam
683 2897 807 2955 finis
824 2899 992 2968 votiS,
1014 2898 1252 2975 finisque
1281 2896 1551 2975 supremis

250 2984 596 3059 PlanctibuS,
618 2997 674 3042 et
698 2997 859 3042 natos
883 3004 1026 3041 ausae
1054 2984 1346 3063 deponere
1367 2995 1588 3042 matres-
