2079 3613
574 322 582 329 ·
612 303 684 373 42
842 301 1247 351 THEBAmos
1267 335 1283 363 ‚
1310 303 1639 351 ·L113.21x.
1765 290 1887 363 245

394 397 526 464 Jam
550 399 740 475 ga‘lea,
771 410 941 473 atque
970 417 1147 453 ocreae
1173 397 1435 476 clypeum
1463 417 1737 475 excepere

615 485 926 540 cadentem.

393 569 449 623 It
473 582 693 627 moestus
710 610 727 638 ‚
758 588 933 642 genua
958 588 1102 644 aegra
1129 567 1358 624 trahens
1374 608 1390 637 ,
1418 567 1748 644 hastamque

615 667 976 730 sequentem,

388 748 732 807 Vulneribus
756 771 858 806 seu
891 749 1039 819 mille
1066 749 1251 828 gravis
1272 791 1288 819 .,
1319 762 1579 824 totosque
1614 767 1717 821 per
1742 757 1894 803 artus

384 834 634 891 Saucius·
656 836 926 891 Assistunt
949 834 1119 904 socii,
1141 846 1563 909 monstrantque
1584 844 1889 909 gementes,

385 918 646 975 Tandem
671 919 762 975 ille
789 920 1051 994 abjectis,
1080 918 1171 976 vix
1198 940 1318 994 quae
1344 930 1708 995 portaverat,

616 1022 779 1057 armis
798 1043 813 1070 ‚

387 1085 583 1142 Nudus
608 1084 668 1143 in
684 1084 889 1159 egregii
916 1104 1157 1141 vacuum
1181 1086 1293 1159 jam
1319 1104 1526 1159 corpus
1554 1086 1715 1142 amici

291 1162 294 1163 ⁷
386 1168 631 1224 Procidit
651 1209 667 1237 .,
702 1180 759 1223 et
783 1167 880 1223 tali
905 1167 1184 1245 lacrymas
1208 1188 1334 1222 cum
1362 1187 1499 1225 voce
1524 1169 1810 1242 profudit:

462 1278 492 1303 κ
514 1255 710 1317 Hasne¹
724 1251 825 1317 tibi
843 1295 859 1322 ‚
890 1272 1169 1309 armorum
1194 1272 1323 1329 spes
1348 1273 1382 1308 o
1407 1272 1669 1328 suprema

533 1390 538 1395 .
602 1357 882 1408 meorum,

383 1458 412 1487 «
430 1433 655 1490 OEnide
674 1478 691 1502 ,
719 1439 940 1510 grates?
962 1435 1084 1492 haec
1109 1435 1334 1512 praemia
1365 1434 1531 1512 digna
1557 1435 1798 1514 rependi
1820 1433 1848 1492 ἐ’

384 1542 412 1570 «
433 1518 629 1575 Nudus
655 1531 716 1573 ut
741 1518 916 1578 invisa
942 1520 1140 1578 Cadmi
1166 1518 1360 1576 tellure
1388 1521 1628 1593 jacereS,

379 1626 407 1654 α
430 1602 649 1680 Sospite
675 1624 763 1660 me
779 1603 807 1661 ἰ’
831 1625 981 1661 nunc
1009 1605 1141 1662 exul
1167 1626 1267 1680 ego
1286 1646 1303 1677 ,
1332 1617 1713 1681 aeternumque

601 1689 827 1763 fugatus
847 1734 864 1758 ,

382 1795 409 1824 κ
430 1773 670 1844 Quando
698 1771 834 1828 alius
852 1775 1060 1832 misero
1082 1818 1096 1847 ,
1126 1795 1192 1832 ac
1218 1773 1415 1832 melior
1435 1776 1570 1833 mihi
1598 1777 1773 1834 frater
1826 1823 1833 1827 ‚

596 1856 918 1933 ademptus!

378 1955 547 2011 «Nec
567 1957 681 2029 jam
706 1957 1177 2014 sortitus'veteres
1194 1999 1210 2028 ,
1239 1957 1507 2034 regnique
1534 1960 1792 2016 nocentis

378 2063 407 2091 «
431 2041 720 2115 Perjurum
748 2042 1003 2098 diadema
1031 2057 1185 2119 peto.
1214 2048 1339 2117 Quo
1364 2043 1567 2119 gaudia
1593 2041 1734 2099 tanti

378 2147 404 2177 α
424 2125 622 2202 Empta
647 2126 786 2182 mihi
800 2171 819 2196 ,
848 2142 939 2184 aut
965 2142 1252 2205 sceptrum
1278 2128 1433 2204 quod
1458 2147 1571 2183 non
1597 2140 1690 2184 tua

597 2210 830 2269 dextera
855 2214 1085 2271 tradet?

374 2330 406 2357 ιι
425 2308 544 2375 Ite,
574 2306 709 2376 viri,
743 2309 1034 2384 solumque
1065 2310 1182 2366 fero
1208 2330 1304 2365 me
1324 2308 1557 2384 linquite
1584 2307 1761 2365 fratri.
1821 2292 1830 2304 ⁸

377 2414 406 2443 e<
429 2390 524 2445 Nil
552 2409 698 2463 opus
725 2412 877 2446 arma
904 2393 1048 2447 ultra
1079 2406 1294 2449 tentare
1312 2435 1328 2464 ‚
1359 2406 1415 2448 et
1442 2390 1680 2467 perdere

599 2485 809 2529 mortes
834 2494 848 2529 ε

376 2590 402 2620 α
425 2568 513 2624 Ite
531 2608 547 2636 .,
575 2569 813 2644 precor!
842 2571 979 2645 quid
1002 2577 1116 2642 jam
1141 2572 1344 2634 dabitis
1369 2573 1508 2627 mihi
1535 2571 1776 2646 denique

595 2651 773 2726 majus
792 2649 819 2707 ’.Ρ

366 2763 394 2791 e<
413 2735 621 2814 Tydea
646 2738 967 2819 consumpsi
992 2759 1007 2795 ε
1038 2758 1285 2815 quanam
1306 2737 1417 2796 hoc
1443 2758 1545 2816 ego
1571 2752 1751 2797 morte

587 2823 760 2899 piabo
783 2823 811 2882 ἐ’

347 2927 397 2973 ἀ
416 2925 466 2976 O
494 2923 690 2994 socer!
711 2943 744 2979 o
770 2922 906 3000 Argi
928 2929 942 2978 1
974 2936 1027 2981 et
1050 2925 1250 3001 primae
1273 2922 1425 2982 bona
1446 2925 1625 3012 jurgia
1651 2927 1829 2984 noctis
1850 2971 1866 2997 ‚

365 3029 394 3061 α
418 3007 769 3088 Alternaequc
795 3030 991 3067 manus
1008 3052 1024 3082 ,
1061 3023 1119 3066 et
1145 3010 1300 3088 longi
1332 3010 1532 3089 pignus
1559 3012 1757 3067 amoris
1777 3054 1794 3082 ‚
