2079 3613
343 343 364 386 ι
384 320 467 404 96
651 330 1096 397 mmmmm,
1153 335 1296 384 Lm.
1353 336 1486 385 vu.
1579 314 1741 409 4183

265 430 273 437 ’
332 431 563 484 Perseos,
576 426 806 501 effigiem
846 442 1095 486 moestam
1123 428 1543 506 exhorrentque
1572 435 1836 509 Mycenae

333 514 639 569 Confusum
665 515 700 568 J
705 513 909 568 unonis
936 513 1078 570 ebur
1100 531 1114 567 τ
1147 514 1359 588 mugire
1388 529 1684 590 potentem

328 596 578 656 Inachon
605 597 889 671 agricolae:
921 576 1126 671 gemini
1150 599 1329 685 mar-'⁸
1342 598 1530 654 incola
1556 613 1748 658 narrat

329 681 667 741 Thebantun
688 693 807 737 toto
826 680 1104 757 planxisse
1126 681 1436 738 Palaemona
1454 697 1653 759 ponto,

343 796 348 799 -
399 773 535 825 Haec
554 766 713 824 audit
726 766 981 842 Pelopaea
1001 766 1274 844 phalanx:
1296 768 1396 824 sed
1414 768 1646 826 bellicus
1669 770 1835 839 ardor

328 852 592 914 Consiliis
616 851 800 907 obstat
826 852 1032 913 Divum
1049 852 1476 930 ,prohibetque
1506 855 1707 913 timeri.
1798 874 1801 879 '

327 942 366 996 J
369 960 460 995 am
483 939 665 1013 ripaS,
688 940 867 1013 Asope
884 978 899 1006 ‚
925 948 1046 992 tuas
1063 979 1078 1007 ‚
1102 940 1404 1014 Boeotaque
1426 950 1683 1012 ventum⁸

326 1023 576 1079 Flumina
606 1041 619 1075 ε
646 1041 759 1076 non
787 1040 930 1076 ausae
959 1022 1335 1079 transmittere
1362 1022 1624 1098 protinus
1653 1024 1752 1080 alae

327 1111 597 1168 Hostilem
623 1107 863 1167 fluvium.
891 1112 1056 1164 Forte
1084 1122 1139 1165 et
1166 1107 1578 1183 trepidantibus
1598 1109 1792 1185 ingens

327 1196 724 1258 Descendebat
757 1196 904 1270 agris
926 1236 942 1264 ‚
979 1195 1196 1250 animos
1222 1194 1337 1250 sive
1362 1194 1618 1250 imbrifer
1637 1216 1832 1270 arcuS,
1889 1197 1897 1204 ”

328 1290 440 1347 Seu
457 1295 722 1340 montana
741 1279 896 1336 dedit
916 1281 1123 1351 nubes',
1156 1300 1259 1336 seu
1284 1278 1522 1336 fluminis
1543 1279 1634 1336 illa

328 1376 496 1430 Mens
515 1368 622 1424 fuit
638 1411 655 1435 ,
678 1366 1037 1440 obiectusque
1056 1366 1204 1423 vado
1230 1377 1398 1441 pater
1422 1386 1570 1423 arma
1591 1366 1833 1425 vetdaat.

330 1461 500 1515 Tunc
526 1457 676 1513 serus
702 1451 1107 1528 Hippomedon
1130 1469 1334 1526 magno
1355 1469 1482 1507 cum
1506 1452 1778 1528 fragmine

558 1541 696 1615 ripae
777 1533 783 1573 Ῑ
1220 1530 1221 1535 “

329 1629 710 1684 Cunctantem
732 1619 932 1695 dejecit
959 1640 1184 1696 equum,
1213 1622 1563 1699 ducibusque
1587 1620 1794 1679 relictis
1814 1664 1831 1696 ,

331 1709 584 1786 Gurgite'
599 1708 671 1762 de
692 1705 877 1762 medio
894 1749 910 1777 .,
933 1708 1108 1763 frenis
1127 1725 1426 1783 suspensus
1443 1751 1460 1781 ,
1487 1722 1544 1765 et
1564 1704 1758 1766 armis:

334 1823 364 1852 α
385 1799 472 1853 Ite
498 1793 637 1864 viri,
669 1790 874 1849 ciamat
902 1810 915 1847 z
946 1791 1023 1849 sic
1052 1810 1153 1850 vos
1176 1792 1236 1847 in
1262 1794 1464 1851 moenia
1490 1794 1703 1871 primus

329 1886 631 1952 «Ducere,
649 1882 727 1935 sic
750 1880 963 1944 clausas
981 1897 1163 1937 voveo
1181 1878 1526 1955 perfringere
1544 1880 1782 1936 Thebas.
1805 1902 1836 1934 >2
1887 1888 1890 1891 ’

397 1966 753 2044 Praecipitant
777 1964 968 2021 cuncti
990 1965 1156 2022 fluvio
1175 2006 1191 2034 ,
1219 1964 1536 2042 puduitque
1561 1978 1803 2023 secutos.

325 2056 402 2112 Ac
428 2055 584 2111 velut
610 2051 866 2125 ignotum
888 2049 933 2105 si
954 2048 1181 2124 quando
1202 2064 1448 2108 armenta
1464 2071 1571 2128 per
1591 2073 1813 2108 amnem

324 2140 523 2194 Pastor
550 2136 664 2214 agit
680 2177 694 2200 ‚
713 2147 818 2189 stat
841 2132 997 2189 triste
1021 2153 1227 2211 pecuS‚
1255 2138 1458 2212 procul
1477 2135 1653 2192 altera
1674 2136 1834 2192 tellus

326 2221 637 2287 OmnibuS,
662 2232 716 2276 et
740 2220 851 2273 late
876 2219 1096 2275 medius
1120 2221 1325 2291 timor3
1357 2221 1439 2277 ast
1463 2222 1557 2278 ubi
1584 2222 1787 2294 ductor

330 2309 544 2363 Taurus
564 2305 701 2373 init,
728 2302 975 2379 fecitque
997 2304 1222 2373 vadum,
1252 2319 1389 2362 tunc
1410 2305 1633 2363 mollior
1651 2307 1798 2379 unda
1815 2347 1831 2378 ‚

328 2388 696 2460 Tuncfffaeiles
722 2389 927 2468 saltus,
948 2390 1191 2466 visaeque
1217 2391 1486 2448 accedere
1508 2391 1663 2467 ripae.

399 2476 570 2533 Haud
585 2474 788 2550 procul
806 2474 940 2531 inde
962 2476 1158 2553 jugum
1170 2518 1186 2547 ‚
1206 2476 1452 2552 tutisque
1474 2467 1834 2535 accommoda

467 2613 472 2618 .
548 2573 738 2617 castris
1059 2574 1081 2590 ·

321 2651 476 2706 Arva
496 2657 729 2717 notant,
752 2648 903 2703 unde
924 2648 1119 2704 urbem
1137 2647 1307 2703 etiam
1329 2659 1623 2718 turresque
1638 2633 1833 2701 <ridere

546 2747 629 2789 est
1196 2749 1203 2756 ¹

324 2818 596 2894 Sidonias,
623 2818 841 2874 Placuit
871 2819 1059 2882 sede3‚
1084 2814 1297 2888 fidique
1324 2797 1612 2889 receptus:
1658 2798 1664 2808 ’

322 2901 480 2958 Colle
516 2921 622 2974 per
652 2902 934 2957 excelsum
960 2898 1154 2973 patulo
1173 2939 1187 2964 ‚
1218 2917 1382 2972 quem
1418 2898 1606 2955 subter
1631 2910 1832 2975 aperto

319 2988 478 3043 Arva
498 2986 648 3051 sinu,
675 2984 926 3058 nullique
954 2982 1075 3037 aliis
1102 3004 1132 3036 a
1163 2984 1443 3039 montibus
1469 2983 1711 3040 obstant·

317 3070 653 3146 Despectus.
681 3071 799 3125 Nec
821 3066 988 3142 longa
1011 3067 1172 3127 labor
1197 3069 1506 3130 munimina
1533 3068 1705 3155 durus
