2079 3613
241 180 320 238 16
476 224 483 231 ,γ
556 187 989 250 Timauum,
1042 188 1185 236 me.
1236 191 1288 240 1.
1387 187 1494 264 369

230 286 430 344 Haurit
463 286 595 345 iter.
634 289 818 352 Pulsat
850 298 1032 344 metus
1068 286 1319 363 undique
1334 330 1349 358 ,
1390 301 1445 345 et
1482 287 1732 364 undique

374 374 563 430 frater.

301 458 387 513 Ae
406 458 558 515 velut
575 459 836 536 hyberno
858 459 1369 536 deprensus-navita
1389 473 1568 537 ponto
1585 505 1603 528 ‚

229 542 336 599 Cui
373 563 555 618 neque
597 558 747 618 temo
790 545 952 621 piger
974 586 989 615 ‚
1027 565 1209 619 neque
1254 546 1433 602 amico
1475 544 1655 602 sidere

362 642 638 687 monstrat

225 715 400 772 Luna
410 717 557 785 vias,
583 714 766 773 medio
794 714 914 773 coeli
935 758 951 788 ‚
984 717 1281 793 pelagique
1302 714 1544 773 tumultu

223 803 346 858 Stat
370 801 600 857 lationis
618 802 816 878 inops:
803 803 946 876 .jam
963 805 1188 879 jamque
1211 814 1304 858 aut
1324 822 1455 857 saxa
1476 800 1731 891 malignis

224 888 526 964 Exspectat
545 887 825 946 submersa
844 889 1034 958 vadis,
1061 901 1159 945 aut
1173 887 1385 945 vertice
1412 900 1578 944 acuto

158 1000 163 1005 ·
223 973 557 1060 Spumantes
582 955 842 1050 scopulos
868 988 1069 1031 erectae
1098 975 1385 1030 incurrere
1409 994 1479 1046 pl
1481 994 1626 1030 orae

225 1057 375 1113 Talis
400 1078 576 1134 opaca
597 1059 786 1138 legens
809 1080 1107 1118 nemorum
1127 1058 1427 1116 Cadmeius
1445 1058 1613 1117 heros

221 1141 544 1215 Accelerat,
568 1158 728 1202 vasto
756 1146 1060 1203 metuenda
1087 1144 1328 1201 umbone
1356 1146 1601 1201 ferarum

220 1228 521 1284 Excutiens
538 1229 785 1300 stabula,
816 1241 872 1286 et
891 1248 1076 1325 prono
1098 1226 1335 1302 virgulta
1355 1229 1614 1303 refringit

154 1372 157 1375 ,
216 1298 492 1370 Pectore:
519 1314 615 1372 dat
639 1313 891 1371 stimulos
912 1313 1097 1369 animo
1119 1312 1203 1369 vis
1226 1325 1419 1368 moesta
1442 1312 1688 1384 timoriS,

217 1397 418 1454 Donec
438 1399 510 1455 ab
530 1398 778 1456 Inachiis
803 1401 952 1458 victa
982 1396 1220 1474 ealigine
1246 1398 1409 1454 tectis

218 1483 464 1541 Emicuit
481 1483 667 1542 lucem
692 1488 908 1552 devexa
930 1485 991 1541 in
1012 1485 1215 1543 moenia
1235 1485 1476 1542 fundens

218 1569 515 1628 Larissaeus
540 1593 706 1649 apex.
738 1571 845 1628 Illo
874 1591 974 1649 spe
1002 1571 1253 1628 concitus
1281 1572 1434 1628 omni

219 1653 434 1712 Evolat.
453 1659 599 1714 Hine
625 1660 789 1716 celsae
806 1659 843 1715 J
847 1678 1050 1714 unoms
1075 1659 1286 1735 templa
1308 1660 1667 1740 Prosymnae

219 1738 416 1797 Laevus
441 1740 689 1814 habens,
713 1742 843 1799 hine
863 1742 1141 1799 Herculeo
1163 1742 1373 1820 signata
1391 1761 1601 1823 vapore

214 1825 434 1888 Lernaei
455 1840 647 1905 stagna
669 1842 790 1885 atra
807 1830 960 1887 vadi.
989 1827 1357 1905 Tandemque
1382 1826 1616 1884 reclusis

216 1911 467 1969 Infertur
489 1915 683 1987 portis.
708 1917 976 1971 Actutum
1002 1915 1157 1989 regia
1184 1913 1366 1969 cernit

214 1995 530 2056 Vestibula.
554 2000 658 2054 Hic
676 2011 828 2055 artus
848 1998 1015 2054 imbri
1039 2005 1317 2071 ventoque
1337 1996 1578 2072 rigentes

213 2083 442 2159 Projicit
457 2124 476 2154 ‚
503 2084 815 2159 ignotaeque
836 2082 1069 2139 acclinis
1089 2080 1345 2158 postibus
1374 2081 1510 2138 aulae

214 2170 427 2228 Invitat
446 2182 641 2226 tenues
667 2168 739 2223 ad
767 2169 909 2225 dura
934 2168 1138 2225 cubilia
1167 2189 1406 2227 somnos.

289 2258 419 2313 Rex
437 2255 517 2312 ibi
536 2256 846 2332 tranquillae
864 2247 1058 2312 medio
1086 2255 1155 2311 de
1182 2254 1358 2312 limite
1378 2254 1505 2314 vitae

214 2344 287 2399 In
312 2344 526 2399 senium
549 2364 805 2422 vergens,
827 2347 1076 2421 populos
1095 2342 1363 2400 Adrastus
1386 2344 1629 2403 habebat

216 2426 388 2486 Dives
409 2430 546 2502 aviS‚
570 2443 628 2487 et
643 2444 883 2509 utroque
902 2436 933 2487 J
936 2451 1100 2489 ovem
1114 2432 1186 2487 de
1205 2433 1471 2508 sanguine
1491 2431 1720 2489 ducens·

216 2513 327 2572 Hic
349 2535 514 2574 sexus
539 2517 823 2576 melioris
807 2538 1004 2593 mop5,
1046 2516 1146 2573 sed
1164 2515 1325 2593 prole
1351 2517 1438 2574 vii
1442 2517 1569 2574 ebat

211 2601 262 2656 F
266 2620 502 2657 oemmea
519 2641 535 2671 ,
572 2604 793 2678 gemino
819 2615 1078 2658 natarum
1105 2595 1343 2677 pignore
1363 2601 1551 2656 fultuS.

212 2686 324 2742 Cui
343 2686 578 2743 Phoebus
602 2709 830 2764 generos
856 2686 1206 2766 (monstrum
1229 2685 1507 2741 exitiabile
1529 2682 1718 2742 dictu!

215 2775 357 2829 Mox
379 2771 641 2847 adaperta
662 2770 862 2850 fides.)
884 2793 1001 2831 aevo
1023 2773 1268 2828 ducente
1290 2814 1309 2853 ξ,
1334 2770 1570 2825 canebat

216 2857 640 2935 Setigerumque
657 2881 835 2928 suem,
851 2873 905 2917 et
925 2859 1138 2917 fulvum
1157 2857 1457 2919 adventare
1475 2855 1716 2913 leonem.

213 2948 347 3006 Haec
366 2946 624 3022 volvem,
645 2968 762 3007 non
781 2958 846 3006 tu
867 2947 987 3027 ipse
1006 2959 1167 3025 pater
1181 2985 1197 3017 ,
1219 2963 1338 3002 non
1353 2942 1524 3001 docte
1545 2941 1724 3001 futuri
