<?xml version="1.0" encoding="UTF-8"?>
<!DOCTYPE html PUBLIC "-//W3C//DTD XHTML 1.0 Transitional//EN"
    "http://www.w3.org/TR/xhtml1/DTD/xhtml1-transitional.dtd">
<html xmlns="http://www.w3.org/1999/xhtml" xml:lang="en" lang="en">
 <head>
  <title>
</title>
<meta http-equiv="Content-Type" content="text/html;charset=utf-8" />
  <meta name='ocr-system' content='tesseract 3.04.00' />
  <meta name='ocr-capabilities' content='ocr_page ocr_carea ocr_par ocr_line ocrx_word'/>
</head>
<body>
  <div class='ocr_page' id='page_1' title='image "./operaadoptimeed00statgoog/operaadoptimeed00statgoog_0089.png"; bbox 0 0 2079 3613; ppageno 0'>
   <div class='ocr_carea' id='block_1_1' title="bbox 449 265 1797 336">
    <p class='ocr_par' dir='ltr' id='par_1_1' title="bbox 449 265 1797 336">
     <span class='ocr_line' id='line_1_1' title="bbox 449 265 1797 336; baseline 0.003 -15"><span class='ocrx_word' id='word_1_1' title='bbox 449 269 546 327; x_wconf 71' lang='lat'>185</span> <span class='ocrx_word' id='word_1_2' title='bbox 685 270 1130 336; x_wconf 72' lang='grc' dir='ltr'><strong>ΤΗΕΒΑῙοοε,</strong></span> <span class='ocrx_word' id='word_1_3' title='bbox 1184 274 1328 321; x_wconf 77' lang='lat' dir='ltr'>Lm.</span> <span class='ocrx_word' id='word_1_4' title='bbox 1381 275 1493 324; x_wconf 89' lang='lat'>111.</span> <span class='ocrx_word' id='word_1_5' title='bbox 1718 265 1797 327; x_wconf 81' lang='lat'>63</span> 
     </span>
    </p>
   </div>
   <div class='ocr_carea' id='block_1_2' title="bbox 306 367 1814 2065">
    <p class='ocr_par' dir='ltr' id='par_1_2' title="bbox 309 367 1720 444">
     <span class='ocr_line' id='line_1_2' title="bbox 309 367 1720 444; baseline 0.003 -25"><span class='ocrx_word' id='word_1_6' title='bbox 309 388 341 419; x_wconf 73' lang='lat' dir='ltr'>«r</span> <span class='ocrx_word' id='word_1_7' title='bbox 360 367 631 424; x_wconf 81' lang='lat' dir='ltr'>Consedit</span> <span class='ocrx_word' id='word_1_8' title='bbox 650 409 665 436; x_wconf 89' lang='lat'>‚</span> <span class='ocrx_word' id='word_1_9' title='bbox 695 386 877 444; x_wconf 83' lang='lat' dir='ltr'>neque</span> <span class='ocrx_word' id='word_1_10' title='bbox 904 369 1141 424; x_wconf 85' lang='lat' dir='ltr'>funerea</span> <span class='ocrx_word' id='word_1_11' title='bbox 1170 387 1294 423; x_wconf 89' lang='lat' dir='ltr'>cum</span> <span class='ocrx_word' id='word_1_12' title='bbox 1318 368 1479 423; x_wconf 89' lang='lat' dir='ltr'>laude</span> <span class='ocrx_word' id='word_1_13' title='bbox 1507 368 1720 443; x_wconf 84' lang='lat' dir='ltr'>potitus</span> 
     </span>
    </p>

    <p class='ocr_par' dir='ltr' id='par_1_3' title="bbox 309 452 1716 528">
     <span class='ocr_line' id='line_1_3' title="bbox 309 452 1716 528; baseline 0.002 -23"><span class='ocrx_word' id='word_1_14' title='bbox 309 477 340 506; x_wconf 86' lang='lat'>«</span> <span class='ocrx_word' id='word_1_15' title='bbox 359 453 565 510; x_wconf 81' lang='lat' dir='ltr'>Infelix</span> <span class='ocrx_word' id='word_1_16' title='bbox 594 452 864 509; x_wconf 79' lang='lat' dir='ltr'><strong>Athamas</strong></span> <span class='ocrx_word' id='word_1_17' title='bbox 895 452 1120 528; x_wconf 87' lang='lat' dir='ltr'>trepido</span> <span class='ocrx_word' id='word_1_18' title='bbox 1150 452 1219 507; x_wconf 90' lang='lat' dir='ltr'>de</span> <span class='ocrx_word' id='word_1_19' title='bbox 1252 465 1439 508; x_wconf 90' lang='lat' dir='ltr'>monte</span> <span class='ocrx_word' id='word_1_20' title='bbox 1468 454 1680 509; x_wconf 86' lang='lat' dir='ltr'>veniret</span> <span class='ocrx_word' id='word_1_21' title='bbox 1698 498 1716 521; x_wconf 88' lang='lat'><em>,</em></span> 
     </span>
    </p>

    <p class='ocr_par' dir='ltr' id='par_1_4' title="bbox 311 537 1656 693">
     <span class='ocr_line' id='line_1_4' title="bbox 311 537 1656 597; baseline 0 -4"><span class='ocrx_word' id='word_1_22' title='bbox 311 564 339 593; x_wconf 73' lang='grc' dir='ltr'>ε(</span> <span class='ocrx_word' id='word_1_23' title='bbox 362 541 764 597; x_wconf 86' lang='lat' dir='ltr'>Semianimem</span> <span class='ocrx_word' id='word_1_24' title='bbox 807 540 919 596; x_wconf 88' lang='lat' dir='ltr'>heu</span> <span class='ocrx_word' id='word_1_25' title='bbox 955 540 1081 596; x_wconf 83' lang='lat' dir='ltr'>laeto</span> <span class='ocrx_word' id='word_1_26' title='bbox 1123 538 1372 596; x_wconf 87' lang='lat' dir='ltr'>referens</span> <span class='ocrx_word' id='word_1_27' title='bbox 1417 537 1656 596; x_wconf 85' lang='lat' dir='ltr'>clamore</span> 
     </span>
     <span class='ocr_line' id='line_1_5' title="bbox 454 627 807 693; baseline -0.003 -11"><span class='ocrx_word' id='word_1_28' title='bbox 454 627 771 683; x_wconf 81' lang='lat' dir='ltr'>Learchum</span> <span class='ocrx_word' id='word_1_29' title='bbox 791 647 807 693; x_wconf 84' lang='lat'>3</span> 
     </span>
    </p>

    <p class='ocr_par' dir='ltr' id='par_1_5' title="bbox 306 706 1761 789">
     <span class='ocr_line' id='line_1_6' title="bbox 306 706 1761 789; baseline -0.001 -25"><span class='ocrx_word' id='word_1_30' title='bbox 306 734 337 763; x_wconf 70' lang='grc' dir='ltr'>ιε</span> <span class='ocrx_word' id='word_1_31' title='bbox 355 712 463 766; x_wconf 90' lang='lat' dir='ltr'>Hic</span> <span class='ocrx_word' id='word_1_32' title='bbox 484 713 726 789; x_wconf 87' lang='lat' dir='ltr'>gemitus</span> <span class='ocrx_word' id='word_1_33' title='bbox 754 711 962 768; x_wconf 88' lang='lat' dir='ltr'>Thebis</span> <span class='ocrx_word' id='word_1_34' title='bbox 987 730 1000 767; x_wconf 90' lang='lat'>:</span> <span class='ocrx_word' id='word_1_35' title='bbox 1025 732 1133 768; x_wconf 91' lang='lat' dir='ltr'>nec</span> <span class='ocrx_word' id='word_1_36' title='bbox 1160 727 1416 789; x_wconf 85' lang='lat' dir='ltr'>tempore</span> <span class='ocrx_word' id='word_1_37' title='bbox 1438 709 1639 767; x_wconf 84' lang='lat' dir='ltr'>clarius</span> <span class='ocrx_word' id='word_1_38' title='bbox 1663 706 1761 764; x_wconf 90' lang='lat' dir='ltr'>illo</span> 
     </span>
    </p>

    <p class='ocr_par' dir='ltr' id='par_1_6' title="bbox 307 796 1775 867">
     <span class='ocr_line' id='line_1_7' title="bbox 307 796 1775 867; baseline 0.001 -19"><span class='ocrx_word' id='word_1_39' title='bbox 307 819 337 849; x_wconf 75' lang='lat' dir='ltr'>«e</span> <span class='ocrx_word' id='word_1_40' title='bbox 356 796 649 855; x_wconf 77' lang='lat' dir='ltr'>Phoenissae</span> <span class='ocrx_word' id='word_1_41' title='bbox 677 816 914 851; x_wconf 89' lang='lat' dir='ltr'>sonuere</span> <span class='ocrx_word' id='word_1_42' title='bbox 941 796 1138 855; x_wconf 87' lang='lat' dir='ltr'>domus</span> <span class='ocrx_word' id='word_1_43' title='bbox 1155 839 1171 867; x_wconf 71' lang='lat'><strong>⁷</strong></span> <span class='ocrx_word' id='word_1_44' title='bbox 1196 818 1325 853; x_wconf 88' lang='lat' dir='ltr'>cum</span> <span class='ocrx_word' id='word_1_45' title='bbox 1356 796 1497 852; x_wconf 88' lang='lat' dir='ltr'>lassa</span> <span class='ocrx_word' id='word_1_46' title='bbox 1527 798 1775 852; x_wconf 81' lang='lat' dir='ltr'>furorem</span> 
     </span>
    </p>

    <p class='ocr_par' dir='ltr' id='par_1_7' title="bbox 311 880 1807 958">
     <span class='ocr_line' id='line_1_8' title="bbox 311 880 1807 958; baseline -0.001 -22"><span class='ocrx_word' id='word_1_47' title='bbox 311 906 341 936; x_wconf 77' lang='grc' dir='ltr'>ι(</span> <span class='ocrx_word' id='word_1_48' title='bbox 360 880 514 939; x_wconf 85' lang='lat' dir='ltr'>Vicit</span> <span class='ocrx_word' id='word_1_49' title='bbox 532 924 547 953; x_wconf 84' lang='lat'>‚</span> <span class='ocrx_word' id='word_1_50' title='bbox 578 896 641 938; x_wconf 82' lang='lat' dir='ltr'>et</span> <span class='ocrx_word' id='word_1_51' title='bbox 664 882 737 936; x_wconf 87' lang='lat' dir='ltr'>ad</span> <span class='ocrx_word' id='word_1_52' title='bbox 763 881 1028 936; x_wconf 87' lang='lat' dir='ltr'>comitum</span> <span class='ocrx_word' id='word_1_53' title='bbox 1056 880 1312 938; x_wconf 77' lang='lat' dir='ltr'>lacrimas</span> <span class='ocrx_word' id='word_1_54' title='bbox 1340 880 1569 958; x_wconf 84' lang='lat' dir='ltr'>expavit</span> <span class='ocrx_word' id='word_1_55' title='bbox 1594 882 1807 956; x_wconf 83' lang='lat' dir='ltr'>Agave.</span> 
     </span>
    </p>

    <p class='ocr_par' dir='ltr' id='par_1_8' title="bbox 307 967 1650 1043">
     <span class='ocr_line' id='line_1_9' title="bbox 307 967 1650 1043; baseline 0 -21"><span class='ocrx_word' id='word_1_56' title='bbox 307 992 335 1023; x_wconf 70' lang='lat' dir='ltr'>c&lt;</span> <span class='ocrx_word' id='word_1_57' title='bbox 355 968 481 1023; x_wconf 90' lang='lat' dir='ltr'>Una</span> <span class='ocrx_word' id='word_1_58' title='bbox 509 968 629 1024; x_wconf 90' lang='lat' dir='ltr'>dies</span> <span class='ocrx_word' id='word_1_59' title='bbox 657 967 844 1023; x_wconf 89' lang='lat' dir='ltr'>similis</span> <span class='ocrx_word' id='word_1_60' title='bbox 870 967 1015 1036; x_wconf 79' lang='lat' dir='ltr'>fam,</span> <span class='ocrx_word' id='word_1_61' title='bbox 1048 967 1350 1043; x_wconf 82' lang='lat' dir='ltr'>specieque</span> <span class='ocrx_word' id='word_1_62' title='bbox 1379 968 1650 1024; x_wconf 87' lang='lat' dir='ltr'>malorum</span> 
     </span>
    </p>

    <p class='ocr_par' dir='ltr' id='par_1_9' title="bbox 307 1052 1776 1128">
     <span class='ocr_line' id='line_1_10' title="bbox 307 1052 1776 1128; baseline 0.001 -21"><span class='ocrx_word' id='word_1_63' title='bbox 307 1079 335 1107; x_wconf 76' lang='grc' dir='ltr'><strong><em>κ</em></strong></span> <span class='ocrx_word' id='word_1_64' title='bbox 357 1054 542 1128; x_wconf 89' lang='lat' dir='ltr'>AEqua</span> <span class='ocrx_word' id='word_1_65' title='bbox 567 1055 673 1108; x_wconf 86' lang='lat' dir='ltr'>fuit</span> <span class='ocrx_word' id='word_1_66' title='bbox 691 1095 708 1118; x_wconf 90' lang='lat'><em>,</em></span> <span class='ocrx_word' id='word_1_67' title='bbox 737 1075 849 1126; x_wconf 91' lang='lat' dir='ltr'>qua</span> <span class='ocrx_word' id='word_1_68' title='bbox 873 1052 1261 1126; x_wconf 82' lang='lat' dir='ltr'>magniloquos</span> <span class='ocrx_word' id='word_1_69' title='bbox 1283 1052 1389 1106; x_wconf 87' lang='lat' dir='ltr'>luit</span> <span class='ocrx_word' id='word_1_70' title='bbox 1414 1052 1588 1128; x_wconf 88' lang='lat' dir='ltr'>impia</span> <span class='ocrx_word' id='word_1_71' title='bbox 1614 1055 1776 1110; x_wconf 86' lang='lat' dir='ltr'>ssatus</span> 
     </span>
    </p>

    <p class='ocr_par' dir='ltr' id='par_1_10' title="bbox 307 1136 1691 1206">
     <span class='ocr_line' id='line_1_11' title="bbox 307 1136 1691 1206; baseline 0.001 -14"><span class='ocrx_word' id='word_1_72' title='bbox 307 1163 337 1192; x_wconf 84' lang='lat'>«</span> <span class='ocrx_word' id='word_1_73' title='bbox 357 1137 607 1194; x_wconf 86' lang='lat' dir='ltr'>Tantalis</span> <span class='ocrx_word' id='word_1_74' title='bbox 621 1178 641 1206; x_wconf 14' lang='lat'>‚1</span> <span class='ocrx_word' id='word_1_75' title='bbox 666 1136 972 1192; x_wconf 88' lang='lat' dir='ltr'>innumeris</span> <span class='ocrx_word' id='word_1_76' title='bbox 999 1156 1128 1192; x_wconf 91' lang='lat' dir='ltr'>cum</span> <span class='ocrx_word' id='word_1_77' title='bbox 1152 1136 1487 1192; x_wconf 81' lang='lat' dir='ltr'>circumfusa</span> <span class='ocrx_word' id='word_1_78' title='bbox 1514 1139 1691 1194; x_wconf 79' lang='lat' dir='ltr'>ruinis</span> 
     </span>
    </p>

    <p class='ocr_par' dir='ltr' id='par_1_11' title="bbox 309 1221 1812 1300">
     <span class='ocr_line' id='line_1_12' title="bbox 309 1221 1812 1300; baseline 0.003 -25"><span class='ocrx_word' id='word_1_79' title='bbox 309 1244 338 1275; x_wconf 85' lang='lat'>«</span> <span class='ocrx_word' id='word_1_80' title='bbox 360 1221 614 1296; x_wconf 85' lang='lat' dir='ltr'>Corpora</span> <span class='ocrx_word' id='word_1_81' title='bbox 639 1233 725 1276; x_wconf 88' lang='lat' dir='ltr'>tot</span> <span class='ocrx_word' id='word_1_82' title='bbox 749 1235 978 1296; x_wconf 86' lang='lat' dir='ltr'>raperet</span> <span class='ocrx_word' id='word_1_83' title='bbox 1006 1234 1151 1289; x_wconf 76' lang='lat' dir='ltr'>terra</span> <span class='ocrx_word' id='word_1_84' title='bbox 1168 1264 1184 1291; x_wconf 85' lang='lat'>‚</span> <span class='ocrx_word' id='word_1_85' title='bbox 1216 1234 1301 1276; x_wconf 88' lang='lat' dir='ltr'>tot</span> <span class='ocrx_word' id='word_1_86' title='bbox 1326 1236 1603 1297; x_wconf 80' lang='lat' dir='ltr'>quaereret</span> <span class='ocrx_word' id='word_1_87' title='bbox 1628 1223 1812 1300; x_wconf 72' lang='lat' dir='ltr'>ignes:</span> 
     </span>
    </p>

    <p class='ocr_par' dir='ltr' id='par_1_12' title="bbox 308 1305 1684 1382">
     <span class='ocr_line' id='line_1_13' title="bbox 308 1305 1684 1382; baseline 0.001 -22"><span class='ocrx_word' id='word_1_88' title='bbox 308 1331 337 1360; x_wconf 86' lang='lat'>«</span> <span class='ocrx_word' id='word_1_89' title='bbox 359 1305 508 1363; x_wconf 86' lang='lat' dir='ltr'>Talis</span> <span class='ocrx_word' id='word_1_90' title='bbox 533 1319 651 1363; x_wconf 81' lang='lat' dir='ltr'>erat</span> <span class='ocrx_word' id='word_1_91' title='bbox 675 1306 828 1382; x_wconf 84' lang='lat' dir='ltr'>vulgi</span> <span class='ocrx_word' id='word_1_92' title='bbox 862 1320 1065 1374; x_wconf 86' lang='lat' dir='ltr'>status,</span> <span class='ocrx_word' id='word_1_93' title='bbox 1096 1319 1153 1363; x_wconf 86' lang='lat' dir='ltr'>et</span> <span class='ocrx_word' id='word_1_94' title='bbox 1180 1306 1255 1362; x_wconf 90' lang='lat' dir='ltr'>sic</span> <span class='ocrx_word' id='word_1_95' title='bbox 1285 1306 1423 1361; x_wconf 83' lang='lat' dir='ltr'>urbe</span> <span class='ocrx_word' id='word_1_96' title='bbox 1451 1307 1648 1362; x_wconf 88' lang='lat' dir='ltr'>relicta</span> <span class='ocrx_word' id='word_1_97' title='bbox 1668 1350 1684 1378; x_wconf 84' lang='lat'>‚</span> 
     </span>
    </p>

    <p class='ocr_par' dir='ltr' id='par_1_13' title="bbox 310 1392 1750 1468">
     <span class='ocr_line' id='line_1_14' title="bbox 310 1392 1750 1468; baseline 0 -18"><span class='ocrx_word' id='word_1_98' title='bbox 310 1418 339 1450; x_wconf 72' lang='grc' dir='ltr'><strong><em>κ</em></strong></span> <span class='ocrx_word' id='word_1_99' title='bbox 359 1393 721 1468; x_wconf 85' lang='lat' dir='ltr'>Primaevique</span> <span class='ocrx_word' id='word_1_100' title='bbox 748 1412 942 1462; x_wconf 77' lang='lat' dir='ltr'>senes.,</span> <span class='ocrx_word' id='word_1_101' title='bbox 972 1404 1026 1448; x_wconf 88' lang='lat' dir='ltr'>et</span> <span class='ocrx_word' id='word_1_102' title='bbox 1054 1392 1222 1467; x_wconf 84' lang='lat' dir='ltr'>longo</span> <span class='ocrx_word' id='word_1_103' title='bbox 1253 1393 1509 1448; x_wconf 84' lang='lat' dir='ltr'>examine</span> <span class='ocrx_word' id='word_1_104' title='bbox 1541 1406 1750 1450; x_wconf 86' lang='lat' dir='ltr'>matres</span> 
     </span>
    </p>

    <p class='ocr_par' dir='ltr' id='par_1_14' title="bbox 307 1478 1737 1555">
     <span class='ocr_line' id='line_1_15' title="bbox 307 1478 1737 1555; baseline 0.001 -21"><span class='ocrx_word' id='word_1_105' title='bbox 307 1504 337 1534; x_wconf 76' lang='grc' dir='ltr'><strong><em>κ</em></strong></span> <span class='ocrx_word' id='word_1_106' title='bbox 357 1478 634 1537; x_wconf 87' lang='lat' dir='ltr'>Invidiam</span> <span class='ocrx_word' id='word_1_107' title='bbox 658 1478 924 1555; x_wconf 72' lang='lat' dir='ltr'>planxere</span> <span class='ocrx_word' id='word_1_108' title='bbox 953 1479 1116 1549; x_wconf 87' lang='lat' dir='ltr'>Deis;</span> <span class='ocrx_word' id='word_1_109' title='bbox 1146 1479 1460 1554; x_wconf 89' lang='lat' dir='ltr'>miseroque</span> <span class='ocrx_word' id='word_1_110' title='bbox 1493 1480 1737 1536; x_wconf 79' lang='lat' dir='ltr'>tumultu</span> 
     </span>
    </p>

    <p class='ocr_par' dir='ltr' id='par_1_15' title="bbox 313 1563 1677 1641">
     <span class='ocr_line' id='line_1_16' title="bbox 313 1563 1677 1641; baseline 0.003 -24"><span class='ocrx_word' id='word_1_111' title='bbox 313 1588 340 1617; x_wconf 88' lang='lat'>«</span> <span class='ocrx_word' id='word_1_112' title='bbox 360 1564 497 1627; x_wconf 88' lang='lat' dir='ltr'>Bina</span> <span class='ocrx_word' id='word_1_113' title='bbox 521 1584 624 1639; x_wconf 89' lang='lat' dir='ltr'>per</span> <span class='ocrx_word' id='word_1_114' title='bbox 648 1564 905 1640; x_wconf 84' lang='lat' dir='ltr'>ingentes</span> <span class='ocrx_word' id='word_1_115' title='bbox 932 1563 1215 1641; x_wconf 83' lang='lat' dir='ltr'>stipabant</span> <span class='ocrx_word' id='word_1_116' title='bbox 1240 1567 1437 1621; x_wconf 82' lang='lat' dir='ltr'>funera</span> <span class='ocrx_word' id='word_1_117' title='bbox 1463 1578 1677 1639; x_wconf 74' lang='lat' dir='ltr'>portas,</span> 
     </span>
    </p>

    <p class='ocr_par' dir='ltr' id='par_1_16' title="bbox 311 1648 1810 1811">
     <span class='ocr_line' id='line_1_17' title="bbox 311 1648 1810 1730; baseline 0.004 -29"><span class='ocrx_word' id='word_1_118' title='bbox 311 1671 340 1701; x_wconf 77' lang='grc' dir='ltr'>κ</span> <span class='ocrx_word' id='word_1_119' title='bbox 360 1651 764 1728; x_wconf 73' lang='lat' dir='ltr'>Mequeipsum</span> <span class='ocrx_word' id='word_1_120' title='bbox 782 1694 797 1722; x_wconf 90' lang='lat'>,</span> <span class='ocrx_word' id='word_1_121' title='bbox 815 1650 1042 1706; x_wconf 90' lang='lat' dir='ltr'>memini</span> <span class='ocrx_word' id='word_1_122' title='bbox 1065 1649 1198 1730; x_wconf 90' lang='lat' dir='ltr'>(nec</span> <span class='ocrx_word' id='word_1_123' title='bbox 1218 1649 1351 1706; x_wconf 91' lang='lat' dir='ltr'>dum</span> <span class='ocrx_word' id='word_1_124' title='bbox 1371 1661 1502 1725; x_wconf 87' lang='lat' dir='ltr'>apta</span> <span class='ocrx_word' id='word_1_125' title='bbox 1524 1648 1810 1706; x_wconf 72' lang='lat' dir='ltr'>doloribus</span> 
     </span>
     <span class='ocr_line' id='line_1_18' title="bbox 461 1735 620 1811; baseline 0.006 -22"><span class='ocrx_word' id='word_1_126' title='bbox 461 1735 620 1811; x_wconf 86' lang='lat' dir='ltr'>aetas)</span> 
     </span>
    </p>

    <p class='ocr_par' dir='ltr' id='par_1_17' title="bbox 316 1817 1638 1980">
     <span class='ocr_line' id='line_1_19' title="bbox 316 1817 1638 1897; baseline 0.004 -25"><span class='ocrx_word' id='word_1_127' title='bbox 316 1817 542 1874; x_wconf 77' lang='lat' dir='ltr'>«Flesse</span> <span class='ocrx_word' id='word_1_128' title='bbox 579 1833 803 1889; x_wconf 85' lang='lat' dir='ltr'>tamen,</span> <span class='ocrx_word' id='word_1_129' title='bbox 842 1821 1167 1897; x_wconf 88' lang='lat' dir='ltr'>gemituque</span> <span class='ocrx_word' id='word_1_130' title='bbox 1207 1841 1362 1878; x_wconf 89' lang='lat' dir='ltr'>meos</span> <span class='ocrx_word' id='word_1_131' title='bbox 1396 1841 1638 1897; x_wconf 77' lang='lat' dir='ltr'>aequasse</span> 
     </span>
     <span class='ocr_line' id='line_1_20' title="bbox 462 1914 745 1980; baseline 0.008 -22"><span class='ocrx_word' id='word_1_132' title='bbox 462 1914 745 1980; x_wconf 83' lang='lat' dir='ltr'>parentes.</span> 
     </span>
    </p>

    <p class='ocr_par' dir='ltr' id='par_1_18' title="bbox 314 1935 1814 2065">
     <span class='ocr_line' id='line_1_21' title="bbox 314 1935 1814 2065; baseline 0.001 -21"><span class='ocrx_word' id='word_1_133' title='bbox 314 2014 345 2044; x_wconf 75' lang='grc' dir='ltr'>«ι</span> <span class='ocrx_word' id='word_1_134' title='bbox 364 1986 468 2048; x_wconf 81' lang='lat' dir='ltr'>Illa</span> <span class='ocrx_word' id='word_1_135' title='bbox 493 2002 683 2060; x_wconf 89' lang='lat' dir='ltr'>tamen</span> <span class='ocrx_word' id='word_1_136' title='bbox 704 1988 926 2065; x_wconf 84' lang='lat' dir='ltr'>Superi!</span> <span class='ocrx_word' id='word_1_137' title='bbox 949 1992 1063 2048; x_wconf 88' lang='lat' dir='ltr'>Nec</span> <span class='ocrx_word' id='word_1_138' title='bbox 1085 1986 1240 2064; x_wconf 91' lang='lat' dir='ltr'>quod</span> <span class='ocrx_word' id='word_1_139' title='bbox 1261 1935 1390 2057; x_wconf 88' lang='lat' dir='ltr'>tibi,</span> <span class='ocrx_word' id='word_1_140' title='bbox 1411 1985 1601 2056; x_wconf 77' lang='lat' dir='ltr'>Delia,</span> <span class='ocrx_word' id='word_1_141' title='bbox 1633 2000 1814 2045; x_wconf 85' lang='lat' dir='ltr'>castos</span> 
     </span>
    </p>
   </div>
   <div class='ocr_carea' id='block_1_3' title="bbox 236 2078 1815 3101">
    <p class='ocr_par' dir='ltr' id='par_1_19' title="bbox 315 2078 1683 2243">
     <span class='ocr_line' id='line_1_22' title="bbox 315 2078 1683 2157; baseline 0 -23"><span class='ocrx_word' id='word_1_142' title='bbox 315 2103 345 2134; x_wconf 68' lang='grc' dir='ltr'>α</span> <span class='ocrx_word' id='word_1_143' title='bbox 365 2079 694 2157; x_wconf 85' lang='lat' dir='ltr'>Prolapsum</span> <span class='ocrx_word' id='word_1_144' title='bbox 733 2080 806 2136; x_wconf 91' lang='lat' dir='ltr'>ad</span> <span class='ocrx_word' id='word_1_145' title='bbox 848 2082 1071 2149; x_wconf 76' lang='lat' dir='ltr'>fonteS,</span> <span class='ocrx_word' id='word_1_146' title='bbox 1107 2078 1337 2157; x_wconf 89' lang='lat' dir='ltr'>specula</span> <span class='ocrx_word' id='word_1_147' title='bbox 1375 2091 1683 2137; x_wconf 87' lang='lat' dir='ltr'>temerante</span> 
     </span>
     <span class='ocr_line' id='line_1_23' title="bbox 446 2167 718 2243; baseline -0.007 -19"><span class='ocrx_word' id='word_1_148' title='bbox 446 2167 685 2243; x_wconf 86' lang='lat' dir='ltr'>profana</span> <span class='ocrx_word' id='word_1_149' title='bbox 701 2208 718 2237; x_wconf 88' lang='grc'>.,</span> 
     </span>
    </p>

    <p class='ocr_par' dir='ltr' id='par_1_20' title="bbox 314 2251 1759 2325">
     <span class='ocr_line' id='line_1_24' title="bbox 314 2251 1759 2325; baseline 0 -19"><span class='ocrx_word' id='word_1_150' title='bbox 314 2278 344 2307; x_wconf 90' lang='lat'>«</span> <span class='ocrx_word' id='word_1_151' title='bbox 362 2252 521 2310; x_wconf 86' lang='lat' dir='ltr'>Heu!</span> <span class='ocrx_word' id='word_1_152' title='bbox 551 2251 843 2308; x_wconf 88' lang='lat' dir='ltr'>dominum</span> <span class='ocrx_word' id='word_1_153' title='bbox 862 2252 1039 2310; x_wconf 85' lang='lat' dir='ltr'>insani</span> <span class='ocrx_word' id='word_1_154' title='bbox 1064 2273 1180 2308; x_wconf 92' lang='lat' dir='ltr'>non</span> <span class='ocrx_word' id='word_1_155' title='bbox 1202 2269 1481 2325; x_wconf 80' lang='lat' dir='ltr'>agnovere</span> <span class='ocrx_word' id='word_1_156' title='bbox 1503 2251 1759 2321; x_wconf 79' lang='lat' dir='ltr'>Molossi,</span> 
     </span>
    </p>

    <p class='ocr_par' dir='ltr' id='par_1_21' title="bbox 317 2335 1814 2413">
     <span class='ocr_line' id='line_1_25' title="bbox 317 2335 1814 2413; baseline 0.003 -22"><span class='ocrx_word' id='word_1_157' title='bbox 317 2362 347 2391; x_wconf 85' lang='lat'>«</span> <span class='ocrx_word' id='word_1_158' title='bbox 364 2336 619 2393; x_wconf 87' lang='lat' dir='ltr'>Desserim</span> <span class='ocrx_word' id='word_1_159' title='bbox 643 2337 842 2412; x_wconf 83' lang='lat' dir='ltr'>magis,</span> <span class='ocrx_word' id='word_1_160' title='bbox 872 2351 968 2394; x_wconf 89' lang='lat' dir='ltr'>aut</span> <span class='ocrx_word' id='word_1_161' title='bbox 994 2358 1158 2395; x_wconf 85' lang='lat' dir='ltr'>verso</span> <span class='ocrx_word' id='word_1_162' title='bbox 1184 2336 1337 2412; x_wconf 89' lang='lat' dir='ltr'>quod</span> <span class='ocrx_word' id='word_1_163' title='bbox 1364 2335 1630 2413; x_wconf 89' lang='lat' dir='ltr'>sanguine</span> <span class='ocrx_word' id='word_1_164' title='bbox 1657 2337 1814 2395; x_wconf 82' lang='lat' dir='ltr'>fluxit</span> 
     </span>
    </p>

    <p class='ocr_par' dir='ltr' id='par_1_22' title="bbox 318 2420 1654 2498">
     <span class='ocr_line' id='line_1_26' title="bbox 318 2420 1654 2498; baseline 0.001 -23"><span class='ocrx_word' id='word_1_165' title='bbox 318 2446 346 2475; x_wconf 76' lang='grc' dir='ltr'>κ</span> <span class='ocrx_word' id='word_1_166' title='bbox 366 2424 435 2478; x_wconf 89' lang='lat' dir='ltr'>In</span> <span class='ocrx_word' id='word_1_167' title='bbox 457 2420 668 2477; x_wconf 79' lang='lat' dir='ltr'>subitos</span> <span class='ocrx_word' id='word_1_168' title='bbox 687 2420 878 2498; x_wconf 81' lang='lat' dir='ltr'>regina</span> <span class='ocrx_word' id='word_1_169' title='bbox 902 2422 1079 2479; x_wconf 83' lang='lat' dir='ltr'>lacus.</span> <span class='ocrx_word' id='word_1_170' title='bbox 1106 2423 1195 2478; x_wconf 88' lang='lat' dir='ltr'>Sic</span> <span class='ocrx_word' id='word_1_171' title='bbox 1222 2421 1361 2479; x_wconf 89' lang='lat' dir='ltr'>dura</span> <span class='ocrx_word' id='word_1_172' title='bbox 1386 2424 1654 2477; x_wconf 89' lang='lat' dir='ltr'>Sororum</span> 
     </span>
    </p>

    <p class='ocr_par' dir='ltr' id='par_1_23' title="bbox 317 2504 1815 2581">
     <span class='ocr_line' id='line_1_27' title="bbox 317 2504 1815 2581; baseline 0.003 -24"><span class='ocrx_word' id='word_1_173' title='bbox 317 2528 347 2559; x_wconf 83' lang='lat'>«</span> <span class='ocrx_word' id='word_1_174' title='bbox 366 2506 543 2562; x_wconf 86' lang='lat' dir='ltr'>Pensa</span> <span class='ocrx_word' id='word_1_175' title='bbox 565 2504 796 2571; x_wconf 78' lang='lat' dir='ltr'>dabant,</span> <span class='ocrx_word' id='word_1_176' title='bbox 810 2506 1103 2581; x_wconf 86' lang='lat' dir='ltr'>visumque</span> <span class='ocrx_word' id='word_1_177' title='bbox 1119 2508 1158 2561; x_wconf 88' lang='lat' dir='ltr'><strong>J</strong></span> <span class='ocrx_word' id='word_1_178' title='bbox 1159 2527 1270 2564; x_wconf 79' lang='lat' dir='ltr'>ovi</span> <span class='ocrx_word' id='word_1_179' title='bbox 1287 2507 1451 2562; x_wconf 91' lang='lat' dir='ltr'>Nunc</span> <span class='ocrx_word' id='word_1_180' title='bbox 1474 2507 1614 2581; x_wconf 85' lang='lat' dir='ltr'>regis</span> <span class='ocrx_word' id='word_1_181' title='bbox 1639 2506 1815 2581; x_wconf 89' lang='lat' dir='ltr'>iniqui</span> 
     </span>
    </p>

    <p class='ocr_par' dir='ltr' id='par_1_24' title="bbox 236 2588 1815 2663">
     <span class='ocr_line' id='line_1_28' title="bbox 236 2588 1815 2663; baseline -0.001 -15"><span class='ocrx_word' id='word_1_182' title='bbox 236 2651 239 2660; x_wconf 18' lang='grc' dir='ltr'><strong>Ἰ</strong></span> <span class='ocrx_word' id='word_1_183' title='bbox 319 2615 353 2647; x_wconf 77' lang='grc' dir='ltr'><strong><em>κ</em></strong></span> <span class='ocrx_word' id='word_1_184' title='bbox 358 2588 461 2652; x_wconf 87' lang='lat' dir='ltr'>Oh</span> <span class='ocrx_word' id='word_1_185' title='bbox 487 2608 695 2644; x_wconf 82' lang='lat' dir='ltr'>noxam</span> <span class='ocrx_word' id='word_1_186' title='bbox 721 2588 1023 2644; x_wconf 82' lang='lat' dir='ltr'>immeritos</span> <span class='ocrx_word' id='word_1_187' title='bbox 1048 2592 1244 2663; x_wconf 86' lang='lat' dir='ltr'>patriae</span> <span class='ocrx_word' id='word_1_188' title='bbox 1270 2603 1355 2646; x_wconf 88' lang='lat' dir='ltr'>tot</span> <span class='ocrx_word' id='word_1_189' title='bbox 1391 2592 1634 2647; x_wconf 90' lang='lat' dir='ltr'>culmina</span> <span class='ocrx_word' id='word_1_190' title='bbox 1657 2592 1815 2648; x_wconf 79' lang='lat' dir='ltr'>cives</span> 
     </span>
    </p>

    <p class='ocr_par' dir='ltr' id='par_1_25' title="bbox 320 2673 1673 2749">
     <span class='ocr_line' id='line_1_29' title="bbox 320 2673 1673 2749; baseline -0.002 -17"><span class='ocrx_word' id='word_1_191' title='bbox 320 2703 349 2733; x_wconf 88' lang='lat'>«</span> <span class='ocrx_word' id='word_1_192' title='bbox 368 2676 666 2742; x_wconf 76' lang='lat' dir='ltr'>Exuimu5‚</span> <span class='ocrx_word' id='word_1_193' title='bbox 686 2693 793 2729; x_wconf 91' lang='lat' dir='ltr'>nec</span> <span class='ocrx_word' id='word_1_194' title='bbox 819 2674 1008 2729; x_wconf 88' lang='lat' dir='ltr'>adhuc</span> <span class='ocrx_word' id='word_1_195' title='bbox 1033 2674 1225 2728; x_wconf 88' lang='lat' dir='ltr'>calcati</span> <span class='ocrx_word' id='word_1_196' title='bbox 1251 2673 1473 2730; x_wconf 86' lang='lat' dir='ltr'>foederis</span> <span class='ocrx_word' id='word_1_197' title='bbox 1493 2675 1673 2749; x_wconf 85' lang='lat' dir='ltr'>Argos</span> 
     </span>
    </p>

    <p class='ocr_par' dir='ltr' id='par_1_26' title="bbox 319 2759 1812 2842">
     <span class='ocr_line' id='line_1_30' title="bbox 319 2759 1812 2842; baseline -0.001 -22"><span class='ocrx_word' id='word_1_198' title='bbox 319 2791 349 2820; x_wconf 87' lang='lat'>«</span> <span class='ocrx_word' id='word_1_199' title='bbox 369 2770 533 2822; x_wconf 88' lang='lat' dir='ltr'>Fama</span> <span class='ocrx_word' id='word_1_200' title='bbox 557 2762 735 2832; x_wconf 84' lang='lat' dir='ltr'>subit,</span> <span class='ocrx_word' id='word_1_201' title='bbox 761 2774 817 2818; x_wconf 91' lang='lat' dir='ltr'>et</span> <span class='ocrx_word' id='word_1_202' title='bbox 835 2763 948 2838; x_wconf 88' lang='lat' dir='ltr'>jam</span> <span class='ocrx_word' id='word_1_203' title='bbox 965 2761 1243 2818; x_wconf 90' lang='lat' dir='ltr'>bellorum</span> <span class='ocrx_word' id='word_1_204' title='bbox 1262 2772 1386 2816; x_wconf 79' lang='lat' dir='ltr'>exn</span> <span class='ocrx_word' id='word_1_205' title='bbox 1390 2780 1513 2816; x_wconf 90' lang='lat' dir='ltr'>ema</span> <span class='ocrx_word' id='word_1_206' title='bbox 1531 2759 1812 2842; x_wconf 59' lang='lat' dir='ltr'>dolemus}</span> 
     </span>
    </p>

    <p class='ocr_par' dir='ltr' id='par_1_27' title="bbox 319 2845 1772 2994">
     <span class='ocr_line' id='line_1_31' title="bbox 319 2845 1772 2925; baseline -0.001 -19"><span class='ocrx_word' id='word_1_207' title='bbox 319 2876 348 2906; x_wconf 81' lang='grc' dir='ltr'><strong><em>κ</em></strong></span> <span class='ocrx_word' id='word_1_208' title='bbox 369 2856 621 2925; x_wconf 86' lang='lat' dir='ltr'>Quantus</span> <span class='ocrx_word' id='word_1_209' title='bbox 655 2848 847 2924; x_wconf 79' lang='lat' dir='ltr'>equi5‚</span> <span class='ocrx_word' id='word_1_210' title='bbox 887 2862 1243 2925; x_wconf 89' lang='lat' dir='ltr'>quantusque</span> <span class='ocrx_word' id='word_1_211' title='bbox 1279 2845 1411 2904; x_wconf 85' lang='lat' dir='ltr'>viris</span> <span class='ocrx_word' id='word_1_212' title='bbox 1452 2847 1509 2902; x_wconf 90' lang='lat' dir='ltr'>in</span> <span class='ocrx_word' id='word_1_213' title='bbox 1543 2848 1772 2925; x_wconf 85' lang='lat' dir='ltr'>pulvere</span> 
     </span>
     <span class='ocr_line' id='line_1_32' title="bbox 467 2931 985 2994; baseline -0.006 0"><span class='ocrx_word' id='word_1_214' title='bbox 467 2956 649 2994; x_wconf 87' lang='lat' dir='ltr'>crasso</span> <span class='ocrx_word' id='word_1_215' title='bbox 974 2931 985 2934; x_wconf 65' lang='grc'><strong>’</strong></span> 
     </span>
    </p>

    <p class='ocr_par' dir='ltr' id='par_1_28' title="bbox 323 3021 1798 3101">
     <span class='ocr_line' id='line_1_33' title="bbox 323 3021 1798 3101; baseline 0.001 -22"><span class='ocrx_word' id='word_1_216' title='bbox 323 3047 352 3079; x_wconf 73' lang='grc' dir='ltr'><strong>κ</strong></span> <span class='ocrx_word' id='word_1_217' title='bbox 369 3023 582 3084; x_wconf 82' lang='lat' dir='ltr'>Sudor!</span> <span class='ocrx_word' id='word_1_218' title='bbox 613 3022 668 3082; x_wconf 90' lang='lat' dir='ltr'>io</span> <span class='ocrx_word' id='word_1_219' title='bbox 696 3035 966 3101; x_wconf 84' lang='lat' dir='ltr'>quantum</span> <span class='ocrx_word' id='word_1_220' title='bbox 994 3022 1221 3084; x_wconf 82' lang='lat' dir='ltr'>crudele</span> <span class='ocrx_word' id='word_1_221' title='bbox 1248 3021 1547 3097; x_wconf 81' lang='lat' dir='ltr'>rubebitis,</span> <span class='ocrx_word' id='word_1_222' title='bbox 1582 3024 1798 3085; x_wconf 84' lang='lat' dir='ltr'>amnes!</span> 
     </span>
    </p>
   </div>
  </div>
 </body>
</html>
