2079 3613
257 229 385 308 278
541 238 976 326 ‘1⁸1113341DOS,
1029 242 1332 294 nuum.
1432 240 1538 304 858

250 332 524 391 Arcados.
553 336 744 412 thue
766 336 872 392 feri
896 350 1182 394 vectorem
1204 339 1450 410 fulminis
1471 340 1627 398 albus

252 415 398 473 Cum
420 438 586 495 supra
613 420 1029 499 respexitolor,
1055 424 1208 499 cupit
1227 409 1443 485 hiscere
1464 432 1649 503 ripam

248 501 595 579 Strymonos,
624 516 679 561 et
699 504 944 581 trepidas
961 506 1020 562 in
1041 520 1274 583 pectora
1291 512 1581 569 ¹contrahit
1601 511 1713 567 aias
1731 532 1749 567 t

245 584 335 642 Sic
352 588 631 662 juvenem,
659 591 788 647 saevi
816 605 1114 667 conspecta
1133 593 1283 651 mole
1307 597 1606 675 Dryantis,

243 673 281 729 J
285 692 371 727 am
390 694 503 731 non
520 675 600 730 ira
624 676 805 745 subit,
831 675 933 732 sed
952 675 1050 734 leti
1072 679 1302 737 nuntius
1321 680 1540 740 horror.

244 757 420 815 Arma
447 765 633 816 tamen
649 803 664 831 ‚
697 762 901 819 frustra
928 783 1162 840 superos
1188 766 1521 845 triviamque

464 860 757 922 precatus.,
1017 875 1020 878 ·
1071 857 1080 866 ’
1126 874 1128 876 ’

215 923 472 985 'Molitur
492 930 709 1007 pallens
728 975 743 1004 ‚
773 947 830 990 et
855 934 1053 991 surdos
1079 936 1304 1013 expedit
1325 959 1510 998 arcus.

243 1012 477 1089 Jamque
505 1014 675 1074 instat
700 1018 848 1089 telis,
875 1032 935 1077 et
957 1034 1251 1098 utramque
1277 1023 1539 1102 obliquus
1560 1028 1624 1083 in

461 1102 651 1159 ulnam
1188 1172 1195 1178 ¹

240 1183 463 1241 Cornua
487 1190 761 1266 contingit
780 1209 1049 1249 mucrone
1065 1232 1081 1260 .,
1111 1205 1166 1248 et
1193 1205 1428 1269 pectora
1453 1214 1660 1253 nervo:

198 1284 205 1290 ·
237 1267 383 1323 Cum
407 1270 567 1326 ducis
591 1274 765 1329 Aonii
781 1294 983 1350 magno
1010 1276 1119 1332 cita
1139 1277 1359 1334 turbine
1378 1282 1566 1355 cuspis
1585 1293 1597 1305 ·

235 1349 441 1407 Fertur
457 1354 517 1407 in
546 1354 839 1411 adversum
863 1400 877 1424 ,
901 1359 1173 1433 nervique
1199 1360 1430 1435 obliqua
1454 1366 1646 1419 sonori

237 1435 648 1508 Vincla-secat3
674 1456 923 1515 pereunt
947 1444 1124 1513 ictus,
1151 1444 1520 1521 manibusque

457 1524 695 1582 remissis
711 1567 727 1598 .,

234 1608 394 1665 Vana
415 1610 674 1685 supinato
699 1610 1032 1669 ceciderunt
1051 1612 1267 1689 spicula
1295 1634 1490 1674 cornu.

231 1692 397 1748 Tunc
420 1695 585 1751 miser
606 1709 662 1751 et
683 1698 872 1754 frenos
895 1697 1182 1770 turbatus,
1213 1712 1268 1756 et
1292 1718 1443 1756 arma
1467 1703 1681 1760 remisit

231 1776 494 1836 Vulneris
524 1780 855 1859 impatiens,
883 1781 1108 1841 humeri
1135 1804 1246 1860 qua
1279 1786 1519 1871 tegmina
1549 1786 1737 1846 dextri

229 1865 503 1939 latrant,
536 1868 866 1946 facilemque
894 1883 1083 1927 cutem
1109 1870 1256 1928 subit
1277 1871 1451 1929 altera
1479 1874 1695 1952 cuspis,

229 1949 675 2029 Cornipedisque
702 1955 885 2033 sugam
903 1996 919 2025 ‚
942 1957 1160 2014 succiso
1180 1957 1401 2034 poplite
1417 2001 1432 2026 ‚
1457 1958 1618 2015 sistit.

300 2037 463 2093 Tunc
488 2039 636 2095 cadit
660 2039 782 2116 ipse
805 2042 991 2115 Dryas
1018 2038 1281 2118 (mirum!
1295 2041 1316 2122 )
1341 2061 1444 2100 nec
1462 2045 1710 2102 vulneris

449 2143 685 2198 usquam

223 2205 528 2277 Conscius3
557 2206 690 2262 olim
717 2217 913 2262 auctor
944 2206 1073 2277 teli,
1104 2228 1397 2286 causaeque
1429 2212 1725 2287 patebunt.

294 2293 374 2346 At
397 2312 543 2367 puer
565 2291 780 2348 infusus
805 2292 999 2362 sociis,
1022 2295 1083 2349 in
1106 2295 1267 2353 devia
1292 2299 1478 2374 campi

220 2373 460 2433 Tollitur
491 2375 635 2454 (heu
661 2377 897 2455 simplex
916 2393 1051 2436 aetas
1069 2379 1124 2460 ἒ)
1152 2382 1510 2460 moriensque

317 2528 320 2531 Ι
442 2465 707 2537 jacentem

217 2544 409 2603 Flebat
434 2568 666 2625 equum.
694 2551 946 2622 Cecidit,
973 2555 1161 2611 laxata
1186 2556 1432 2629 casside,
1459 2561 1681 2627 vultus,

216 2635 494 2712 AEgraque
515 2656 621 2714 per
642 2639 895 2716 trepidos
916 2642 1137 2719 expirat
1156 2643 1335 2721 gratia
1364 2645 1512 2701 visus
1531 2683 1550 2714 ‚

216 2719 289 2774 Et
314 2723 528 2796 prensis
554 2744 821 2781 concussa
848 2729 1021 2782 comis
1039 2770 1056 2798 .,
1086 2742 1174 2784 ter
1199 2728 1339 2784 colla
1358 2768 1373 2795 ‚
1407 2739 1719 2804 quaterque

215 2803 375 2862 Stare
397 2822 604 2885 negant
621 2853 635 2881 ‚
659 2810 907 2888 ipsisque
928 2815 1086 2869 nefas
1105 2811 1718 2888 lacrymabile-ThebiS‚

217 2887 349 2945 Ibat
373 2910 689 2970 purpureus
715 2899 885 2954 niveo
914 2900 986 2954 de
1006 2909 1239 2973 pectore
1265 2899 1505 2972 sanguis.

216 2974 469 3034 Tandem
493 2980 613 3038 haec
638 2970 881 3058 singultu
903 2981 1076 3041 verba
1102 2981 1384 3040 incidente
1412 2985 1674 3062 profatur
1698 3004 1716 3042 ε
