2079 3613
846 108 875 121 O

783 294 789 302 ·
826 294 839 329 t

593 385 657 442 ¹7
751 363 1148 418 SYLVARUM
1166 403 1183 434 ‚
1237 363 1380 419 Lm.
1432 368 1545 418 111.
1689 357 1768 420 50
1779 382 1810 442 7

315 458 664 536 Baianosque
687 461 836 518 sinus
850 506 869 531 ,
890 474 947 518 et
971 464 1104 520 foeta
1131 462 1451 539 tepentibus
1467 462 1633 519 undis
1695 476 1700 479 “

317 545 535 601 Littora
555 546 855 621 tranquillo
880 548 1135 604 certatim
1162 548 1369 604 ambite
1395 560 1591 604 natatu
1610 589 1629 618 ‚

317 633 639 702 Quaerentes
665 631 761 686 ubi
781 631 926 689 celsa
941 632 1105 701 ratis,
1128 645 1296 708 quam
1318 632 1587 688 scandere
1606 632 1815 707 gaudet

317 714 534 770 Nobilis
553 716 812 772 Ausoniae
835 716 1001 773 Celer
1016 716 1408 792 armipotentis
1426 714 1701 773 alumnus.

319 798 437 854 Nec
461 799 757 873 quaerenda
783 774 880 854 diu
899 817 913 852 z
932 798 1102 854 modo
1127 819 1257 855 nam
1282 813 1436 857 trans
1461 819 1685 874 aequora

541 893 708 937 terris

316 963 498 1020 Prima
515 964 661 1020 Dich
668 964 883 1020 archeis
897 964 1159 1021 Pharium
1177 967 1358 1039 gravis
1377 966 1563 1023 intulit
1577 985 1783 1025 annum
1799 987 1816 1023 z

314 1046 499 1102 Prima
525 1047 785 1105 salutavit
812 1050 1061 1124 Capreas
1082 1091 1101 1116 ,
1129 1062 1186 1105 et
1211 1051 1457 1124 margine
1482 1049 1678 1106 dextro
1700 1091 1718 1121 ,

315 1131 533 1206 Sparsit
557 1131 866 1208 Tyrrhenae
893 1132 1203 1190 Mareotica
1233 1133 1358 1192 vina
1380 1135 1675 1191 Minervae.

315 1218 501 1291 Hujus
523 1231 820 1292 utrumque
838 1217 983 1275 latus
1008 1216 1162 1273 molli
1180 1217 1502 1296 praecingite
1527 1239 1670 1294 gyro
1692 1238 1711 1290 3

313 1302 646 1377 Partitaeque
669 1302 820 1360 vices
837 1343 853 1372 ,
883 1322 982 1360 vos
998 1315 1193 1378 stupea
1211 1304 1427 1360 tendite
1456 1304 1588 1358 mali

314 1387 550 1442 Vincula
567 1428 584 1456 ,
618 1407 719 1444 vos
744 1387 971 1442 summis
990 1387 1274 1443 annectite
1293 1407 1538 1463 suppara
1567 1387 1738 1459 veliS‚

310 1471 426 1525 Vos
443 1470 724 1549 Zephyris
746 1470 963 1548 aperite
989 1471 1140 1528 sinus
1163 1491 1177 1529 :
1208 1492 1340 1548 pars
1358 1484 1605 1530 transtra

538 1568 779 1632 reponat
811 1599 830 1624 ‚

309 1643 444 1697 Pars
470 1641 729 1696 demittat
757 1639 915 1714 aquis
951 1659 1138 1697 curvae
1175 1583 1560 1698 motffiamina
1583 1643 1811 1720 puppis.

314 1726 439 1785 Sint
459 1767 475 1796 ,
507 1725 711 1800 quibus
735 1723 998 1799 exploret
1016 1725 1397 1802 rupes-gravis
1421 1739 1541 1784 arte

531 1810 852 1868 molorchus
875 1852 892 1881 ‚

313 1902 561 1973 Quaeque
580 1909 893 1953 secuturam
913 1895 1155 1970 religent
1180 1907 1309 1970 post
1333 1906 1493 1971 terga
1514 1894 1818 1971 phaselon,·

312 1984 586 2057 Unqaque
607 1982 905 2039 submersae
930 1981 1161 2057 penitus
1180 1980 1489 2038 retinacula
1511 1980 1738 2039 vellant.

316 2068 626 2143 Temperet
649 2066 768 2123 h'aec
796 2078 959 2124 aestus
977 2106 996 2137 ‚
1021 2063 1369 2142 pelagusque
1397 2064 1629 2123 inclinet
1655 2064 1729 2122 ad

543 2165 700 2209 ortus
730 2172 746 2206 z
876 2216 882 2220 ⁴

314 2235 516 2294 Officio
537 2250 728 2293 careat
745 2236 1068 2318 glaucarum
1086 2237 1241 2293 nulla
1267 2256 1541 2293 sororum.

316 2323 464 2379 Huic
488 2322 664 2378 multo
682 2324 921 2379 Proteus
936 2364 953 2393 ‚
977 2322 1467 2397 geminoque-huic
1492 2341 1729 2399 corpore

539 2406 741 2460 Triton

314 2492 594 2547 Praenatet
615 2503 631 2557 ;
656 2501 715 2544 et
739 2490 936 2546 subitis
965 2489 1062 2565 qui
1087 2487 1341 2565 perdidit
1358 2486 1587 2564 inguina
1617 2499 1620 2502 '

542 2567 806 2629 monstris
952 2575 983 2600 ⁴*
1349 2597 1352 2600 ·

316 2662 565 2720 Glaucus
580 2703 598 2728 ,
626 2658 810 2715 adhuc
839 2658 1059 2736 quoties
1078 2658 1277 2733 patriis
1298 2658 1557 2716 allabitur
1575 2658 1685 2716 oris
1704 2700 1722 2730 ,
1800 2659 1807 2665 ”

234 2741 281 2802 «ἓ
317 2748 627 2803 Littoream
650 2743 853 2800 blanda
871 2742 1080 2801 feriens
1096 2743 1419 2801 Anthedona
1440 2744 1634 2801 casada.

319 2838 412 2891 Tu
429 2848 610 2890 tamen
632 2871 650 2902 ‚
682 2843 813 2887 ante
841 2849 1039 2886 omnes
1054 2871 1070 2901 ‚
1101 2830 1245 2889 Diva
1264 2851 1392 2886 cum
1415 2842 1614 2904 matre¹

526 2917 762 2972 Palaemo

114 2953 275 3032 Ἣ*
321 3006 521 3062 Annue
539 3043 555 3073 ‚
575 3004 617 3058 si
642 2937 851 3060 vesti-,as
866 3021 1029 3072 amor
1043 2989 1125 3057 est
1134 3000 1269 3055 mihi
1286 3000 1538 3076 pandere
1554 2999 1777 3058 Thebas
1800 3042 1815 3071 ,

322 3093 442 3146 Nec
469 3107 610 3145 cano
633 3087 900 3162 degeneri
919 3086 1224 3146 Phoebeum
1240 3086 1562 3165 Amphiona
1576 3086 1817 3165 plectro·
