2079 3613
445 322 555 395 554
656 286 1137 385 munemne&
1189 324 1333 375 Lm.
1387 323 1548 371 vm.
1594 277 1603 289 ’
1671 307 1792 370 253

308 421 544 478 Strictus
577 439 716 497 aper
734 463 750 490 ‚
773 419 1001 497 penitus
1022 418 1113 475 eui
1132 439 1246 475 non
1262 419 1466 475 infossa
1488 418 1717 474 cerebro

312 506 554 564 Vulnera
576 549 591 578 ‚
616 528 719 564 nec
749 507 884 564 felix
910 506 1119 562 dextrae
1145 517 1338 574 tenor,
1360 504 1420 558 in
1441 503 1587 559 latus
1598 503 1707 558 iras

313 593 542 669 Frangit
565 637 580 663 ‚
604 607 660 649 et
676 593 1049 670 expertaejam
1064 609 1180 646 non
1194 590 1344 648 venit
1361 589 1560 646 obvius
1575 586 1767 644 hastae.

379 679 556 747 Ecce,
588 681 791 765 ducem
807 691 1036 745 turmae,
1068 689 1224 731 certa
1246 672 1639 750 indignat'usin

301 762 749 911 Spiculanoisgffi
766 834 1070 892 Prothoum
1096 847 1359 910 torquere
1374 831 1591 889 lacerto

303 920 589 975 Turbidus
614 921 899 989 OEnides‚
931 941 1039 976 una
1063 921 1174 974 duo
1201 938 1438 993 corpora
1460 918 1604 992 pinu

306 1002 804 1077 Cornipedemque
821 1043 836 1071 ‚
864 1004 1220 1077 equitemque
1246 1002 1397 1058 serit.
1418 1001 1556 1058 Ruit
1577 1000 1670 1057 ille

523 1097 779 1140 ruentem
911 1144 916 1150 ,

303 1169 371 1226 In
398 1166 703 1224 Prothoum
720 1210 736 1239 ‚
756 1169 1050 1245 lapsasque
1062 1189 1233 1247 manu
1248 1169 1539 1245 quaerentis
1556 1167 1802 1225 habenas

249 1272 252 1277 ·
301 1255 371 1309 In
398 1251 585 1310 vultus
602 1252 830 1330 galeam,
853 1253 1232 1333 clypeumque
1258 1255 1317 1310 in
1334 1254 1565 1330 pectora
1588 1252 1802 1323 caleam

303 1336 536 1394 Saucius
564 1349 819 1396 extremo
844 1338 1028 1397 donec
1052 1359 1183 1398 cum
1199 1337 1470 1416 sanguine
1496 1338 1683 1397 frenos

306 1421 578 1499 Respuit,
608 1435 666 1481 et
689 1425 881 1500 juncta
901 1423 1131 1482 domino
1156 1425 1377 1484 cervice
1395 1420 1691 1482 recumbit.

296 1506 387 1564 Sic
412 1507 595 1565 ulmus
612 1549 630 1576 ,
660 1509 904 1586 vitisque
921 1551 939 1581 ‚
967 1507 1406 1586 duplexjaetnra
1430 1504 1653 1575 coloni,

296 1590 564 1649 Gaurano
586 1591 657 1649 de
683 1607 876 1652 monte
903 1594 1116 1651 cadunt
1135 1592 1261 1651 :sed
1279 1589 1528 1650 &moestior
1544 1588 1723 1647 ulmum

296 1678 505 1750 Quaerit
528 1689 829 1756 utrumque
854 1698 1055 1736 nemus
1073 1719 1093 1749 ‚
1120 1697 1231 1752 nee
1251 1692 1366 1736 tam
1389 1694 1489 1735 sua
1513 1671 1743 1733 brachia

519 1760 715 1819 labens
734 1803 752 1831 ‚
807 1782 814 1787 ·
1008 1820 1014 1825 ,

297 1848 480 1920 Quam
504 1846 678 1921 gemit
703 1858 948 1902 assuetas
963 1888 979 1915 ‚
997 1849 1289 1923 invitaque
1310 1844 1545 1922 proterit
1565 1862 1720 1903 uvas.

368 1930 697 2007 Sumpserat
722 1929 785 1986 in
807 1930 1035 1987 Danaos
1059 1928 1382 1987 Heliconius
1397 1946 1553 1985 arma

497 2014 828 2074 ‘Choroebus
849 2060 866 2085 ‚
1244 2039 1245 2042 ¹

295 2104 446 2160 Ante
466 2119 654 2157 comes
678 2102 850 2159 Musis
867 2142 885 2171 ‚
914 2102 1098 2180 stygii
1122 2101 1213 2160 eui
1235 2098 1455 2159 conscia
1482 2097 1642 2177 pensi

292 2187 423 2259 Ipsa
449 2185 545 2241 diu
566 2186 837 2261 inspectis
854 2187 1031 2244 letum
1049 2187 1389 2264 praedixerat
1412 2186 1574 2243 astris

291 2270 519 2326 Uranie.
550 2271 843 2348 Cupit'ille
870 2284 1060 2330 tamen
1077 2317 1091 2343 ‚
1117 2292 1448 2351 pugnasque
1465 2272 1725 2345 virosque
1743 2310 1759 2337 ,

289 2352 551 2409 Forsitan
570 2366 633 2410 ut
658 2370 905 2413 caneret.
935 2360 1131 2435 Longa
1151 2361 1297 2432 jacet
1316 2359 1435 2434 ipse
1459 2353 1742 2412 canendus

289 2437 517 2503 Laude3
542 2437 639 2493 sed
665 2439 925 2494 amissum
952 2454 1119 2497 mutae
1145 2443 1341 2498 flevere
1367 2458 1604 2501 sorores.

365 2522 568 2578 Pactus
585 2523 935 2595 Agenoream
952 2526 1148 2598 primis
1172 2530 1309 2601 Atys
1331 2526 1447 2582 ibat
1471 2524 1543 2580 ab
1571 2522 1732 2580 annis

291 2604 559 2659 Ismenen
582 2603 602 2681 (
625 2605 781 2681 Tyrii
808 2606 1030 2677 juvenis
1058 2626 1172 2661 non
1191 2607 1401 2664 advena
1417 2606 1555 2663 belli
1575 2647 1592 2672 ‚

289 2686 555 2763 Quamvis
571 2687 790 2766 Cyrrha
808 2687 1008 2745 domus
1029 2706 1044 2744 τ
1069 2707 1295 2754 soceros
1311 2708 1417 2746 nee
1441 2686 1693 2750 tristibus

464 2809 469 2815 ·
517 2786 655 2831 actis
1663 2830 1668 2834 .

292 2859 639 2919 Adversatus
663 2856 823 2938 erat)
850 2879 1111 2937 sponsam
1131 2904 1148 2929 ‚
1165 2860 1258 2916 eui
1277 2871 1460 2917 castus
1480 2856 1689 2930 amanti

292 2942 573 3017 Squallor,
602 2960 659 3004 et
684 2945 901 3023 indigni
924 2945 1282 3004 commendat
1304 2944 1482 3021 gratia
1504 2941 1707 3000 luctus-

292 3030 423 3110 Ipse
442 3049 666 3120 quoque
695 3031 983 3116 egregius:
1009 3053 1120 3091 nec
1148 3044 1385 3126 pectora
1408 3028 1634 3119 virginis
1663 3027 1744 3096 illi

1840 1314 1865 1341 t
