2079 3613
326 323 448 381 116
666 321 1105 388 τΗΕΒΑῙυοε,
1158 326 1301 373 Lm.
1355 324 1429 371 v,
1527 322 1599 393 48

320 422 544 479 «Dulce
587 422 737 496 loqui
777 422 1032 491 miseris,
1083 434 1414 495 veteresque
1462 418 1743 476 reducere

566 520 779 562 uestus.
801 530 829 558 π

389 528 598 666 Ιηοίἒίῑ
623 612 636 646 z
674 616 703 645 α
726 591 913 666 AEgaeo
936 589 1212 667 premitur
1237 588 1556 645 circumflua
1584 589 1771 665 Nereo

316 700 345 729 «
364 678 610 733 Lemnos
626 718 642 747 ‚
674 676 771 732 ubi
798 677 1029 753 ignifera
1060 678 1234 733 sessus
1258 676 1498 750 respirat
1518 675 1588 729 ab
1610 675 1780 731 AEtna

315 786 343 814 (ε
364 762 663 818 Mulciber.
693 764 914 839 Ingenti
945 762 1202 819 tellurem
1228 762 1516 836 proximus
1542 762 1742 817 umbra
1772 767 1776 772 ’

312 871 341 902 κ
360 848 553 909 Vestit
581 848 792 918 Athos,
821 868 1228 923 nemorumque
1266 848 1528 904 obscurat
1563 846 1811 923 imagine

534 946 787 1008 pontum.

314 1042 341 1071 «
362 1018 612 1074 Thraces
637 1033 793 1075 arant
821 1033 1049 1076 contra:
1081 1020 1365 1077 Thracum
1390 1018 1582 1075 satalia
1608 1017 1771 1074 nobis

315 1128 343 1157 α
367 1104 614 1175 Littera,
647 1117 701 1160 et
728 1105 860 1160 inde
890 1107 1069 1162 nefas.
1096 1104 1355 1161 Florebat
1380 1104 1542 1162 dives
1572 1103 1809 1161 alumnis

309 1213 337 1242 «
359 1190 529 1245 Terra
546 1231 562 1259 ,
591 1211 696 1246 nec
722 1190 814 1244 illa
839 1192 1005 1246 Samo
1033 1192 1206 1258 fama,
1234 1189 1450 1246 Delove
1480 1188 1703 1246 sonanti

306 1298 334 1327 α
353 1277 535 1348 Pejor,
560 1287 615 1329 et
642 1275 942 1331 innumeris
958 1295 1096 1351 quas
1115 1275 1389 1351 spumifer
1404 1274 1575 1330 assilit
1598 1272 1800 1346 AEgon.

383 1383 411 1412 «
433 1360 531 1414 Dis
555 1356 733 1416 visum
755 1361 978 1416 turbare
1002 1361 1212 1417 domos.
1243 1365 1361 1416 Nec
1385 1371 1616 1436 pectora
1639 1358 1804 1432 culpa

307 1466 336 1496 α
355 1447 556 1510 Nostra
571 1457 793 1501 vacant.
815 1447 1009 1502 Nullos
1025 1444 1235 1506 Veneri
1254 1445 1595 1503 sacravimus
1613 1445 1799 1519 ignes:

303 1551 331 1580 «
354 1527 517 1583 Nulla
538 1531 669 1586 Deae
695 1528 874 1586 sedes·
900 1535 1096 1609 Movet
1124 1542 1178 1584 et
1208 1530 1455 1586 coelestia
1481 1527 1764 1605 quondam

306 1636 334 1666 κ
357 1613 546 1669 Corda
573 1607 765 1684 dolor3
785 1612 1052 1693 lentoque
1074 1616 1332 1690 irrepunt
1357 1614 1576 1688 agmine
1598 1630 1795 1688 poenae.

380 1698 535 1752 «Illa
572 1698 807 1774 Paphon
837 1714 1089 1758 veterem
1112 1742 1126 1771 ,
1161 1713 1497 1776 centumque
1530 1696 1721 1753 altaria

523 1781 780 1859 linquens
797 1823 814 1853 ,

301 1893 329 1922 «
352 1869 470 1924 Nec
498 1868 689 1938 vultu,
715 1890 823 1926 nec
851 1871 1002 1927 crine
1023 1871 1209 1947 prior,
1240 1871 1465 1930 solvisse
1494 1872 1741 1947 jugalem

303 1977 331 2006 α
353 1956 581 2023 Ceston,
610 1966 665 2009 et
694 1954 903 2011 Idalias
922 1957 1122 2032 procul
1143 1958 1424 2031 ablegasse
1449 1955 1705 2013 volucres

296 2063 325 2092 «
343 2045 557 2096 Fertur.
579 2044 755 2095 Erant
774 2057 925 2097 certe
942 2083 958 2111 ,
980 2043 1167 2098 media
1192 2043 1287 2116 qui
1313 2040 1497 2096 noctis
1513 2041 1573 2095 in
1594 2039 1792 2094 umbra

297 2148 325 2178 α
346 2126 547 2180 Divam
568 2123 702 2179 alios
729 2125 886 2200 ignes
904 2169 920 2197 ,
950 2131 1278 2202 majoraque
1307 2125 1418 2180 tela
1444 2138 1751 2199 gerentem,

289 2231 318 2260 α
336 2211 630 2264 Tartareas
655 2208 827 2280 inter,
853 2211 1112 2266 thalamis
1135 2210 1394 2267 volitasse
1421 2227 1643 2265 sorores

290 2318 321 2347 κ
340 2294 675 2367 vulgarent3
706 2309 878 2370 utque
907 2295 1199 2370 implicitis
1226 2313 1426 2349 arcana
1453 2294 1751 2349 domorum

290 2402 321 2432 κ
341 2379 630 2454 Anguibus
645 2423 660 2451 ,
686 2394 741 2436 et
762 2402 905 2437 saeva
926 2379 1223 2436 formidine
1251 2389 1453 2436 cuncta
1474 2378 1718 2454 replevit

289 2486 318 2517 c<
338 2464 553 2518 Limina
571 2505 592 2536 ,ι
616 2484 722 2520 nec
750 2464 849 2518 fidi
874 2463 1150 2538 populum
1177 2467 1438 2520 miserata
1462 2464 1649 2520 mariti

286 2571 316 2600 «
336 2549 590 2604 Protinus
615 2572 645 2604 a
671 2556 885 2604 Lemno
913 2550 1097 2605 teneri
1127 2551 1344 2628 fugistis
1372 2552 1647 2607 Amores!

284 2656 314 2686 t<
336 2636 521 2690 Motus
542 2639 766 2710 Hymen
782 2678 795 2702 ‚
829 2655 1112 2713 versaeque
1137 2639 1290 2696 faces
1307 2680 1323 2708 ,
1351 2652 1406 2695 et
1429 2637 1631 2709 frigida
1649 2639 1782 2711 justi

282 2742 313 2771 «
333 2720 483 2777 Cura
511 2721 639 2777 tori.
671 2721 848 2777 Nullae
873 2722 1116 2780 redeunt
1139 2725 1198 2778 in
1226 2722 1430 2797 gaudia
1458 2731 1657 2778 noctes
1674 2764 1691 2793 ‚

282 2825 310 2854 «
334 2803 530 2860 Nullus
572 2806 632 2859 in
670 2807 935 2880 amplexu
974 2827 1147 2880 sopor
1184 2819 1287 2862 est.
1345 2802 1493 2860 Odia
1537 2826 1567 2860 a
1583 2825 1607 2862 s
1625 2828 1732 2884 per

502 2889 708 2963 ubique
734 2930 750 2959 ,
774 2891 779 2895 ’

282 2998 309 3026 ι(
332 2974 401 3048 Et
425 2978 627 3044 Furor,
659 2988 712 3030 et
738 2974 927 3029 medio
952 2975 1181 3032 recubat
1206 2972 1494 3031 Discordia
1521 2972 1686 3032 lecto.

285 3082 312 3111 α
335 3059 483 3113 Cura
510 3057 644 3114 viris
670 3058 910 3116 tumidos
935 3058 1171 3119 adversa
1194 3059 1441 3119 Thracas
1465 3058 1528 3115 in.
1548 3078 1645 3117 ora
