2079 3613
482 343 591 406 588
718 347 1157 410 ΤΗΕΒΑιοοε,
1209 344 1350 397 LIB.
1407 316 1572 399 vni.
1719 340 1839 402 235
1882 408 1917 441 Ι

346 446 602 502 Praeterit
632 445 782 502 haud
802 445 1030 502 dubium
1058 445 1158 501 fati
1174 488 1190 512 ,
1215 457 1271 500 et
1295 444 1539 520 spoliare
1566 444 1814 519 superbit

301 530 320 551 Χ
353 530 643 588 OEnides:
670 558 700 583 α
729 533 926 607 Neque
948 529 1092 587 enim
1112 531 1215 585 has
1228 529 1399 585 Marti
1416 569 1433 599 ,
1456 540 1552 583 aut
1567 530 1700 599 tibi,

573 614 773 671 bellica
812 614 991 671 Pallas
1009 657 1024 684 ,

357 721 383 750 «
408 700 652 755 Exuvias
679 699 943 776 figemuS,
977 700 1076 753 ait.
1105 696 1307 753 Procul
1331 707 1519 752 arceat
1543 697 1727 772 ipsum
1784 700 1795 713 “

350 807 378 835 α
405 786 573 841 Ferre
602 786 788 860 pudor
816 803 831 838 t
861 783 950 839 vix
979 783 1023 839 si
1050 781 1257 838 bellum
1286 782 1544 838 comitata
1562 822 1579 852 ,
1607 782 1817 840 relictis

347 894 377 918 «
402 868 669 944 Deiphile
697 867 952 923 thalamis
969 910 985 935 .‚
1016 867 1097 922 illi
1121 866 1407 922 illudenda
1433 865 1703 924 tulissem.
1720 890 1749 921 n
1829 916 1847 933 ,

329 992 339 1001 ι
415 956 507 1011 Sic
535 954 611 1009 ait
645 974 657 1008 :
692 968 747 1009 et
770 953 906 1007 belli
932 954 1137 1025 majora
1165 954 1236 1008 ad
1262 953 1484 1028 praemia
1510 967 1697 1010 mente

295 1082 298 1083 γ
353 1039 611 1093 Ducitur.
642 1039 958 1092 Innumeris
979 1036 1154 1092 veluti
1172 1036 1262 1089 leo
1291 1037 1437 1101 sorte
1462 1038 1673 1111 potitus

352 1117 647 1191 CoedibuS,
677 1117 932 1173 imbelles
950 1118 1179 1185 vitulos,
1209 1119 1550 1213 mollesque
1534 1140 1801 1193 juvencas
1888 1182 1891 1189 ,

352 1188 739 1260 Transmittit:
770 1221 970 1299 magno
996 1203 1154 1258 furor
1175 1215 1259 1259 est
1277 1202 1615 1278 insanguine
1639 1206 1848 1282 mergi,

353 1287 473 1341 Nec
499 1276 603 1342 nisi
631 1288 916 1383 regnantis
943 1285 1161 1343 cervice
1187 1287 1517 1343 recumbere
1542 1290 1706 1344 tauri.

349 1372 417 1426 At
442 1392 554 1428 non
583 1371 890 1429 semiamini
917 1372 1162 1427 clamore
1187 1374 1473 1429 Menoecea
1496 1370 1684 1449 lapsus

345 1457 513 1515 Fallit
537 1462 722 1535 Atys:
751 1442 1032 1534 praevertit
1060 1477 1265 1532 equos,
1290 1477 1572 1556 curruque
1598 1459 1773 1517 citato

343 1542 553 1598 Desilit.
581 1543 831 1601 Instabat
858 1543 1039 1620 pubes
1067 1546 1266 1618 Tegaea
1288 1542 1526 1616 jacenti,

344 1630 461 1684 Nec
486 1628 798 1728 prohibent
819 1629 1004 1706 Tyrii.
1036 1650 1066 1679 α
1087 1628 1330 1695 Pudeat,
1359 1629 1607 1684 Cadmea

550 1716 843 1787 juventuS,

350 1824 378 1867 ς(
399 1798 731 1875 Te1r1genas
755 1800 992 1855 mentita
1017 1799 1233 1874 patres!
1249 1821 1360 1876 quo
1385 1798 1632 1869 tenditis,
1646 1798 1845 1877 lnquit,

350 1911 379 1941 α
401 1886 762 1965 Degeneres?
789 1884 1093 1960 meliusque
1110 1888 1259 1958 jacet
1285 1907 1389 1961 pro
1413 1886 1678 1960 sanguine

567 1983 761 2029 nostro
1052 2031 1055 2040 Ι

349 2081 378 2112 α
402 2040 626 2136 Hospes
650 2054 839 2134 Atys?
864 2068 1079 2113 tantum
1112 2054 1318 2133 hospes
1344 2053 1530 2111 adhuc
1548 2094 1564 2124 ,
1596 2066 1651 2111 et

576 2143 828 2219 conjugis
853 2143 1003 2200 ultor

348 2253 375 2280 «
393 2228 598 2286 Infelix
625 2227 877 2285 nondum
903 2229 1004 2284 iste
1031 2248 1142 2284 suae
1169 2231 1182 2282 Ξ
1216 2227 1332 2282 Nos
1358 2225 1593 2301 pignora
1617 2237 1776 2282 tanta

347 2339 374 2367 «ι
398 2313 766 2371 Profflmus?»
807 2309 1108 2389 Insurgunt
1133 2309 1281 2393 justo
1308 2312 1527 2370 firmata
1555 2313 1772 2389 pudone

342 2397 616 2474 Agmina,
646 2397 850 2470 cuique
881 2417 988 2453 suae
1012 2397 1270 2454 redier'e
1254 2418 1311 2451 1n
1336 2411 1572 2471 pectora
1597 2417 1757 2454 curoe.

418 2484 645 2535 Inteiea
670 2471 899 2535 thalami
926 2492 1140 2539 secreta
1170 2480 1225 2534 in
1251 2492 1411 2556 parte
1440 2499 1688 2550 sororeS,

343 2565 452 2621 Par
478 2564 631 2619 aliud
656 2583 907 2630 morum,
938 2564 1230 2635 miserique
1256 2565 1485 2619 innoxia
1510 2565 1702 2640 proles

342 2646 688 2724 OEd1podae,
721 2644 899 2706 varias
924 2645 1161 2700 miscent
1187 2665 1444 2701 sermone
1472 2644 1744 2720 querelas.

342 2737 461 2788 Neo
486 2731 626 2789 mala
655 2751 776 2809 quae
799 2730 954 2805 juxta
972 2770 989 2799 ,
1020 2730 1116 2786 sed
1145 2726 1310 2806 longa
1337 2729 1408 2784 ab
1435 2729 1646 2805 origine
1665 2731 1787 2799 fati,

343 2817 475 2873 Haec
502 2818 693 2873 matris
719 2814 916 2884 taedas,
943 2813 1134 2870 oculos
1161 2825 1244 2869 ast
1270 2811 1361 2870 illa
1387 2825 1654 2889 paternos
1678 2834 1695 2887 3

346 2901 538 2982 Altera
564 2912 923 2978 regnantem,
953 2897 1256 2978 profugum
1287 2898 1458 2974 gemit
1483 2899 1689 2955 altera·
1744 2967 1747 2972 ⁴

563 2988 790 3044 fratrem
807 3026 825 3056 ,
1075 3005 1083 3014 ·
1794 2974 1802 2984 ⁵

346 3067 497 3129 Bella·
522 3075 710 3132 ambae.
738 3070 942 3134 Gravis
966 3069 1103 3130 hinc
1128 3070 1316 3128 miseri
1342 3069 1622 3131 cunctatio
1646 3071 1784 3138 voti.
