2079 3613
311 268 442 340 on
556 279 1273 343 xcu1121213mos‚=121a.
1325 281 1407 327 11.
1513 249 1610 353 ¹64

311 397 339 426 c<
363 374 564 431 Vidisti
589 374 756 433 modo
782 374 906 433 vela
930 370 1246 451 Phrygium
1269 377 1377 449 jam
1403 388 1592 433 mutua
1618 380 1745 452 jura

308 481 342 508 a
361 458 581 515 Fallere
610 459 939 515 transmissae
966 457 1168 534 pelago
1196 457 1449 514 didicere
1470 461 1687 518 cariuae.
1711 488 1742 517 ι)

379 543 617 599 Accedit
641 542 806 599 dictis
832 556 1025 617 pater,
1056 543 1400 617 ingenioque
1428 546 1674 618 parentis

303 629 601 686 Occultum
629 629 897 686 AEaciden
931 629 1091 706 (quis
1116 628 1322 685 Divum
1349 628 1640 688 fraudibus

512 716 699 771 obstet
719 712 780 789 ἲ)

304 802 557 875 Accipit.
583 800 745 856 Ultro
770 800 939 855 etiam
964 812 1273 856 veneratur
1299 799 1551 875 supplice
1578 802 1802 873 dextra,

304 885 374 940 Et
398 889 584 959 grates
606 882 969 957 electusagit.
1001 885 1052 940 N
1057 903 1123 939 ec
1149 886 1307 939 turba
1329 884 1548 958 piarum

302 968 628 1045 Scyriadum
654 980 831 1023 cessat
851 967 1023 1023 nimio
1049 966 1290 1042 defigere
1322 967 1445 1022 visu

301 1050 548 1128 Virginis
573 1073 671 1109 ora
704 1072 898 1110 novae:
927 1065 1200 1128 quantum
1224 1051 1444 1109 cervice
1468 1050 1754 1129 comisque

302 1135 579 1205 Emineat‚
608 1150 989 1213 quantumque
1012 1136 1281 1193 humeros
1298 1179 1315 1209 ,
1345 1157 1409 1194 ac
1434 1149 1664 1214 pectora

516 1223 735 1278 fundat.

301 1315 521 1375 Dehinc
547 1318 759 1375 sociare
787 1316 988 1374 choros
1010 1359 1027 1389 ,
1059 1318 1334 1394 castisque
1361 1319 1627 1375 accedere

509 1421 682 1458 sacris

301 1488 641 1554 Hortamur,
670 1487 987 1562 ceduntque
1014 1485 1169 1558 locu,
1187 1501 1253 1546 et
1288 1490 1611 1569 contingere
1689 1508 1697 1513 ·

508 1571 778 1648 gaudent.

304 1665 559 1738 Qualiter
585 1669 607 1719 Ι
617 1665 776 1722 daliae
800 1664 1053 1723 volucres
1073 1708 1088 1734 ‚
1117 1666 1211 1723 ubi
1237 1667 1422 1723 mollia
1451 1669 1711 1748 frangunt

244 1796 251 1801 a
297 1749 499 1806 Nubila
517 1794 534 1819 ,
553 1751 665 1826 jam
689 1750 925 1829 longum,
946 1752 1196 1828 coeloque
1222 1750 1502 1830 domoque

314 1906 323 1914 ἱ
516 1847 778 1911 gregatae:

297 1929 353 1986 Si
376 1931 558 2005 junxit
586 1953 799 2009 pennas
816 1975 832 2003 ‚
863 1932 1198 2010 diversoque
1223 1934 1446 2009 hospita
1471 1947 1650 1992 tractu

296 2017 466 2074 Venit
491 2018 640 2086 aviS,
673 2031 887 2075 cunctae
911 2018 1156 2095 primum
1181 2020 1455 2075 mirantur
1482 2031 1538 2075 et

452 2101 469 2118 ‘
515 2099 783 2171 horrent3

296 2198 430 2252 Mox
454 2196 687 2270 propius
709 2195 1055 2273 propiusque
1074 2198 1301 2270 volant,
1327 2207 1493 2275 atque
1523 2206 1650 2255 aere

518 2279 575 2333 in
601 2280 725 2355 ipso

296 2362 570 2420 Paulatim
598 2366 782 2423 secere
804 2386 988 2437 suam,
1015 2368 1331 2445 plausuque
1356 2366 1603 2424 secundo

294 2448 654 2507 Circumeunt
676 2450 907 2520 hilares,
937 2466 993 2509 et
1019 2452 1092 2508 ad
1120 2455 1227 2511 alta
1255 2453 1459 2510 cubilia
1488 2451 1716 2511 ducunt.

366 2546 690 2620 Digreditur
716 2548 947 2603 multum
974 2562 1236 2606 cunctata
1262 2549 1320 2605 in
1346 2549 1535 2606 limine
1560 2562 1770 2616 mater,
1817 2570 1826 2578 ·

292 2632 441 2688 Dum
470 2634 676 2707 repetit
699 2635 973 2701 munitius,
1011 2655 1330 2710 arcanaque
1356 2656 1641 2694 murmura
1678 2635 1796 2712 figit

295 2716 573 2786 Auribus,
604 2731 657 2773 et
684 2718 848 2774 tacito
873 2718 967 2775 dat
995 2719 1164 2776 verba
1182 2721 1483 2777 novissima
1512 2733 1666 2777 voto.

297 2805 457 2860 Tunc
483 2820 713 2881 excepta
742 2809 921 2876 frete,
952 2807 1115 2883 longe
1143 2809 1365 2866 cervice
1392 2811 1628 2877 reflexa,

296 2887 544 2945 Abnatat
563 2934 580 2959 ,
607 2905 664 2947 et
686 2891 902 2948 blandis
927 2892 1130 2947 affatur
1154 2890 1338 2950 littora
1367 2893 1554 2950 verbis
1577 2915 1589 2946 ι

370 3007 401 3036 ⁴<
427 2986 571 3043 Cara
591 2986 730 3050 mihi
757 2986 947 3048 tenus!
981 2992 1195 3064 magnae
1227 2990 1314 3050 cui
1343 2988 1578 3065 pignora
1606 3009 1753 3047 curae
1774 3029 1796 3059 ,
