2079 3613
88 2953 133 2986 b·
152 2985 161 2992 .

198 2727 247 2814 ὶ

601 268 683 340 69
776 226 1203 339 sssLvARUM‚
1254 261 1397 310 ΜΒ.
1445 255 1565 332 111.
1712 246 1836 327 509

327 360 514 419 Imus
498 385 554 420 m
569 363 912 459 abruptum,
939 352 1295 432 gentilesque
1320 353 1569 428 undique
1586 362 1766 407 terras

318 449 615 524 'Fugimus,
643 448 840 520 exigua
865 442 1038 499 clausi
1068 441 1258 510 trabe,
1291 452 1347 495 et
1374 445 1504 494 aere
1531 436 1708 493 nudo.

328 531 471 589 Inde
490 535 645 589 furor
661 531 874 598 ventiS‚
901 527 1322 602 indignataeque
1350 543 1421 599 pl
1423 521 1612 578 ocellae
1630 562 1647 589 ‚
1723 582 1726 586 ,

326 616 400 670 Et
425 615 547 672 coeli
570 613 859 680 fremitu5‚
881 624 935 667 et
960 611 1197 669 fulmina
1228 606 1393 683 pluxa
1419 603 1683 662 Tonanti.

326 697 481 755 Ante
507 713 656 756 rates
674 737 693 768 ,
722 699 877 773 pigro
907 696 1207 771 tolpebant
1232 712 1453 767 aequora
1486 706 1718 747 somno·
1704 731 1719 757 ,

328 782 452 840 Nec
474 802 733 859 spumare
758 781 999 849 Thetis,
1021 800 1126 836 nec
1148 796 1409 854 spargere
1431 774 1618 832 nubila
1639 775 1836 831 fluctus

323 865 664 920 Gaudebant
687 883 702 917 x
729 865 856 919 visis
877 865 1187 920 timuerunt
1205 860 1498 937 puppibus
1523 858 1685 916 undae
1704 899 1723 930 ,

323 950 505 1024 Inque
519 948 805 1004 hominem
823 947 1061 1004 surrexit
1085 949 1331 1023 hyems:
1346 958 1477 1001 tunc
1493 943 1684 1001 nubila

547 1031 729 1103 Pleias
750 1073 768 1102 ,

329 1116 705 1194 Oleniumque
731 1135 908 1192 pecus
927 1142 942 1184 ς
972 1114 1138 1173 sdito
1161 1128 1296 1172 tunc
1316 1116 1474 1191 pejor
1494 1115 1688 1172 Orion.

395 1203 793 1278 *Justaqueror
821 1225 836 1260 ι
865 1203 1009 1280 sugit
1033 1205 1169 1258 eece
1197 1221 1363 1277 vagas
1389 1201 1523 1258 ratis
1546 1214 1667 1258 acta
1692 1223 1796 1279 per

533 1287 746 1358 undas,
1535 1282 1539 1285 ¹

326 1371 593 1429 Paulatim
615 1374 829 1442 minor,
857 1387 913 1430 et
940 1373 1106 1449 longe
1133 1372 1413 1430 servantia
1441 1369 1616 1428 vincit

325 1459 567 1514 Lumina
585 1498 600 1524 ‚
626 1470 710 1515 tot
734 1456 925 1533 gracili
951 1457 1104 1536 ligno
1125 1455 1420 1532 complexa
1448 1456 1672 1512 timores
1688 1492 1705 1524 ,

325 1543 521 1616 Teque
547 1562 714 1618 super
732 1543 979 1616 reliquos
998 1582 1013 1610 ‚
1042 1554 1100 1597 te
1118 1583 1135 1610 ‚
1164 1542 1341 1596 nostri
1366 1540 1572 1614 pignus
1589 1537 1794 1594 amoris
1809 1579 1826 1605 ‚

325 1627 434 1681 Pox
438 1637 652 1694 tatura,
667 1627 852 1682 Celer.
867 1630 1024 1697 Quos
1044 1645 1196 1680 mmo
1210 1645 1313 1700 ego
1318 1637 1560 1722 pectore
1579 1642 1825 1693 somnos,

326 1713 550 1782 Quosve
566 1731 764 1786 queam
782 1714 1035 1786 perferre
1055 1709 1217 1767 dies?
1232 1711 1359 1808 quis
1377 1723 1579 1766 cuncta
1600 1709 1831 1804 paventi

328 1795 607 1865 Nuntius.,
634 1817 703 1851 an
730 1795 877 1852 facili
907 1808 962 1852 te
983 1795 1407 1872 praetermiserit
1421 1798 1570 1854 unda

326 1881 544 1937 Lucani
561 1879 757 1936 1abida
782 1900 876 1935 ora
892 1879 1060 1936 maris
1075 1882 1105 1935 ἰ’
1129 1901 1262 1936 num
1288 1894 1447 1938 torva
1470 1881 1745 1959 Carybdis

325 1970 364 2019 F
368 1963 581 2020 luctuet
601 1966 631 2019 ?
655 1975 749 2021 aut
773 1964 945 2022 Siculi
971 1967 1303 2041 populatrix
1326 1966 1482 2042 virgo
1507 1966 1774 2041 profundi
1805 1966 1831 2024 Ρ

327 2052 483 2119 Quos
503 2048 604 2103 tibi
632 2049 875 2105 currenti
895 2069 1151 2125 praeceps
1177 2051 1320 2105 fetat
1346 2051 1522 2105 Ad1ia
1548 2070 1773 2107 mores,
1757 2050 1784 2085 9

295 2130 310 2141 ⁶
325 2135 463 2202 Quae
482 2152 595 2207 pax
624 2128 987 2208 Carpathio?
1005 2132 1160 2207 quali
1182 2145 1239 2189 te
1262 2133 1541 2190 subvehat
1559 2155 1695 2192 aura

323 2215 495 2271 Doris
513 2217 798 2314 Agenorei
818 2217 981 2272 furtis
1006 2216 1298 2273 blandita
1281 2238 1539 2292 juvenci.
1493 2218 1551 2256 '⁸'

398 2300 513 2361 Sed
536 2302 714 2360 merui
740 2315 1007 2380 questus:
1034 2301 1177 2378 quid
1197 2302 1380 2375 enim,
1411 2315 1467 2361 te
1494 2316 1681 2361 castra

552 2399 784 2463 petente
811 2428 829 2458 ‚

327 2474 459 2530 Non
483 2471 574 2529 vel
600 2471 671 2526 ad
691 2473 914 2547 ignotos
935 2470 1086 2525 ibam
1109 2489 1293 2527 comes
1318 2471 1559 2548 impiger
1578 2473 1756 2530 >Indos

325 2556 797 2636 Cimmeriumque
825 2555 1055 2614 cahos?
1083 2568 1285 2615 starem
1310 2557 1718 2633 prope-bellica

549 2641 698 2719 regis

326 2729 490 2805 Signa
510 2727 655 2798 mei,
677 2747 776 2787 seu
796 2727 904 2783 tela
923 2747 1096 2794 manu
1111 2769 1127 2797 ‚
1149 2748 1247 2785 seu
1272 2728 1434 2783 frena
1463 2740 1674 2786 teneres
1695 2772 1713 2799 ‚

323 2812 571 2869 Armatis
597 2832 696 2868 seu
720 2813 841 2887 jura
867 2811 1029 2869 dares
1050 2830 1064 2883 ;
1089 2832 1436 2888 operumque
1459 2825 1688 2870 tuorum

324 2898 398 2951 Et
422 2896 468 2950 si
485 2916 597 2952 non
613 2897 795 2953 socius
816 2940 831 2967 ,
856 2909 1010 2953 certe
1038 2898 1270 2954 mirator
1294 2898 1566 2957 adessem.

196 3003 229 3036 »-
325 2977 384 3036 Si
410 2979 690 3054 quondam
709 3000 915 3060 magno
938 2982 1175 3048 Phoenix
1193 2982 1538 3045 reverendus
1556 2984 1766 3047 Achilli
