<?xml version="1.0" encoding="UTF-8"?>
<!DOCTYPE html PUBLIC "-//W3C//DTD XHTML 1.0 Transitional//EN"
    "http://www.w3.org/TR/xhtml1/DTD/xhtml1-transitional.dtd">
<html xmlns="http://www.w3.org/1999/xhtml" xml:lang="en" lang="en">
 <head>
  <title>
</title>
<meta http-equiv="Content-Type" content="text/html;charset=utf-8" />
  <meta name='ocr-system' content='tesseract 3.04.00' />
  <meta name='ocr-capabilities' content='ocr_page ocr_carea ocr_par ocr_line ocrx_word'/>
</head>
<body>
  <div class='ocr_page' id='page_1' title='image "./operaadoptimeed00statgoog/operaadoptimeed00statgoog_0456.png"; bbox 0 0 2079 3613; ppageno 0'>
   <div class='ocr_carea' id='block_1_1' title="bbox 340 283 1677 361">
    <p class='ocr_par' dir='ltr' id='par_1_1' title="bbox 340 283 1677 361">
     <span class='ocr_line' id='line_1_1' title="bbox 340 283 1677 361; baseline -0.018 -10"><span class='ocrx_word' id='word_1_1' title='bbox 340 286 470 361; x_wconf 69' lang='lat'><strong>430</strong></span> <span class='ocrx_word' id='word_1_2' title='bbox 565 288 1076 350; x_wconf 54' lang='lat' dir='ltr'><strong>summarum,</strong></span> <span class='ocrx_word' id='word_1_3' title='bbox 1131 286 1278 335; x_wconf 69' lang='grc' dir='ltr'><strong>ΜΒ.</strong></span> <span class='ocrx_word' id='word_1_4' title='bbox 1333 283 1408 332; x_wconf 73' lang='lat' dir='ltr'><strong>v,</strong></span> <span class='ocrx_word' id='word_1_5' title='bbox 1604 293 1677 357; x_wconf 75' lang='lat'><strong>49</strong></span> 
     </span>
    </p>
   </div>
   <div class='ocr_carea' id='block_1_2' title="bbox 340 377 1855 1485">
    <p class='ocr_par' dir='ltr' id='par_1_2' title="bbox 340 377 1835 1485">
     <span class='ocr_line' id='line_1_2' title="bbox 411 377 1776 462; baseline -0.013 -14"><span class='ocrx_word' id='word_1_6' title='bbox 411 392 521 451; x_wconf 86' lang='lat' dir='ltr'><strong>Hic</strong></span> <span class='ocrx_word' id='word_1_7' title='bbox 540 389 770 446; x_wconf 77' lang='lat' dir='ltr'><strong>Ithacus</strong></span> <span class='ocrx_word' id='word_1_8' title='bbox 786 428 803 457; x_wconf 81' lang='lat'>‚</span> <span class='ocrx_word' id='word_1_9' title='bbox 827 382 1059 462; x_wconf 88' lang='lat' dir='ltr'><strong>paulum</strong></span> <span class='ocrx_word' id='word_1_10' title='bbox 1087 381 1329 458; x_wconf 79' lang='lat' dir='ltr'><strong>repetito</strong></span> <span class='ocrx_word' id='word_1_11' title='bbox 1359 377 1578 453; x_wconf 84' lang='lat' dir='ltr'><strong>longius</strong></span> <span class='ocrx_word' id='word_1_12' title='bbox 1604 394 1738 433; x_wconf 82' lang='lat' dir='ltr'><strong>orsu</strong></span> <span class='ocrx_word' id='word_1_13' title='bbox 1761 395 1776 430; x_wconf 69' lang='grc' dir='ltr'><strong>ι</strong></span> 
     </span>
     <span class='ocr_line' id='line_1_3' title="bbox 415 463 1778 547; baseline -0.014 -12"><span class='ocrx_word' id='word_1_14' title='bbox 415 503 445 535; x_wconf 76' lang='grc' dir='ltr'><strong><em>α</em></strong></span> <span class='ocrx_word' id='word_1_15' title='bbox 469 483 670 534; x_wconf 83' lang='lat' dir='ltr'>Fertur</span> <span class='ocrx_word' id='word_1_16' title='bbox 691 475 751 530; x_wconf 86' lang='lat' dir='ltr'><strong>in</strong></span> <span class='ocrx_word' id='word_1_17' title='bbox 777 475 1060 528; x_wconf 84' lang='lat' dir='ltr'><strong>Hectorea</strong></span> <span class='ocrx_word' id='word_1_18' title='bbox 1083 465 1165 547; x_wconf 91' lang='lat' dir='ltr'><strong>(si</strong></span> <span class='ocrx_word' id='word_1_19' title='bbox 1186 466 1315 523; x_wconf 86' lang='lat' dir='ltr'><strong>talia</strong></span> <span class='ocrx_word' id='word_1_20' title='bbox 1336 463 1646 540; x_wconf 74' lang='lat' dir='ltr'><strong>eredimus)</strong></span> <span class='ocrx_word' id='word_1_21' title='bbox 1677 483 1778 519; x_wconf 82' lang='lat' dir='ltr'><strong>ora</strong></span> 
     </span>
     <span class='ocr_line' id='line_1_4' title="bbox 340 548 1683 626; baseline -0.01 -9"><span class='ocrx_word' id='word_1_22' title='bbox 340 588 369 617; x_wconf 79' lang='grc' dir='ltr'><strong>α</strong></span> <span class='ocrx_word' id='word_1_23' title='bbox 398 563 626 621; x_wconf 81' lang='lat' dir='ltr'><strong>Electus</strong></span> <span class='ocrx_word' id='word_1_24' title='bbox 649 561 841 617; x_wconf 84' lang='lat' dir='ltr'><strong>formae</strong></span> <span class='ocrx_word' id='word_1_25' title='bbox 872 554 1179 612; x_wconf 81' lang='lat' dir='ltr'><strong>certamina</strong></span> <span class='ocrx_word' id='word_1_26' title='bbox 1212 548 1424 608; x_wconf 81' lang='lat' dir='ltr'><strong>solvere</strong></span> <span class='ocrx_word' id='word_1_27' title='bbox 1443 561 1683 626; x_wconf 78' lang='lat' dir='ltr'><strong>pastor,</strong></span> 
     </span>
     <span class='ocr_line' id='line_1_5' title="bbox 342 635 1781 717; baseline -0.009 -15"><span class='ocrx_word' id='word_1_28' title='bbox 342 673 372 702; x_wconf 81' lang='grc' dir='ltr'><strong>α</strong></span> <span class='ocrx_word' id='word_1_29' title='bbox 397 646 675 717; x_wconf 71' lang='lat' dir='ltr'><strong>Soilicitas</strong></span> <span class='ocrx_word' id='word_1_30' title='bbox 700 642 944 700; x_wconf 79' lang='lat' dir='ltr'><strong>tenuisse</strong></span> <span class='ocrx_word' id='word_1_31' title='bbox 970 642 1121 696; x_wconf 86' lang='lat' dir='ltr'><strong>Deas</strong></span> <span class='ocrx_word' id='word_1_32' title='bbox 1144 657 1159 710; x_wconf 91' lang='lat'>;</span> <span class='ocrx_word' id='word_1_33' title='bbox 1191 650 1484 693; x_wconf 70' lang='lat' dir='ltr'><strong>nectorva</strong></span> <span class='ocrx_word' id='word_1_34' title='bbox 1510 635 1781 692; x_wconf 70' lang='lat' dir='ltr'><strong>Minervae</strong></span> 
     </span>
     <span class='ocr_line' id='line_1_6' title="bbox 340 719 1655 801; baseline -0.009 -16"><span class='ocrx_word' id='word_1_35' title='bbox 340 757 374 785; x_wconf 68' lang='lat' dir='ltr'><strong>e«</strong></span> <span class='ocrx_word' id='word_1_36' title='bbox 398 735 554 801; x_wconf 90' lang='lat' dir='ltr'><strong>Ora,</strong></span> <span class='ocrx_word' id='word_1_37' title='bbox 588 746 696 785; x_wconf 86' lang='lat' dir='ltr'><strong>nec</strong></span> <span class='ocrx_word' id='word_1_38' title='bbox 726 725 955 784; x_wconf 73' lang='lat' dir='ltr'>aetherei</span> <span class='ocrx_word' id='word_1_39' title='bbox 982 722 1189 782; x_wconf 81' lang='lat' dir='ltr'>sociam</span> <span class='ocrx_word' id='word_1_40' title='bbox 1216 721 1448 778; x_wconf 86' lang='lat' dir='ltr'><strong>rectoris</strong></span> <span class='ocrx_word' id='word_1_41' title='bbox 1475 719 1655 774; x_wconf 87' lang='lat' dir='ltr'><strong>amico</strong></span> 
     </span>
     <span class='ocr_line' id='line_1_7' title="bbox 345 803 1768 882; baseline -0.011 -10"><span class='ocrx_word' id='word_1_42' title='bbox 345 842 374 871; x_wconf 77' lang='grc' dir='ltr'><strong>α</strong></span> <span class='ocrx_word' id='word_1_43' title='bbox 401 816 667 882; x_wconf 77' lang='lat' dir='ltr'>Lumine,</span> <span class='ocrx_word' id='word_1_44' title='bbox 712 811 813 868; x_wconf 85' lang='lat' dir='ltr'><strong>sed</strong></span> <span class='ocrx_word' id='word_1_45' title='bbox 838 811 1025 867; x_wconf 78' lang='lat' dir='ltr'><strong>solam</strong></span> <span class='ocrx_word' id='word_1_46' title='bbox 1035 807 1267 866; x_wconf 89' lang='lat' dir='ltr'><strong>nimium</strong></span> <span class='ocrx_word' id='word_1_47' title='bbox 1287 804 1492 863; x_wconf 77' lang='lat' dir='ltr'><strong>vidisse</strong></span> <span class='ocrx_word' id='word_1_48' title='bbox 1517 803 1768 859; x_wconf 80' lang='lat' dir='ltr'><strong>Dionen.</strong></span> 
     </span>
     <span class='ocr_line' id='line_1_8' title="bbox 346 889 1655 977; baseline -0.01 -21"><span class='ocrx_word' id='word_1_49' title='bbox 346 926 375 956; x_wconf 76' lang='grc' dir='ltr'><strong>α</strong></span> <span class='ocrx_word' id='word_1_50' title='bbox 403 907 583 977; x_wconf 84' lang='lat' dir='ltr'><strong>Atque</strong></span> <span class='ocrx_word' id='word_1_51' title='bbox 609 900 754 956; x_wconf 90' lang='lat' dir='ltr'><strong>adeo</strong></span> <span class='ocrx_word' id='word_1_52' title='bbox 777 897 845 954; x_wconf 86' lang='lat' dir='ltr'><strong>lis</strong></span> <span class='ocrx_word' id='word_1_53' title='bbox 868 897 971 954; x_wconf 87' lang='lat' dir='ltr'><strong>ista</strong></span> <span class='ocrx_word' id='word_1_54' title='bbox 993 895 1106 951; x_wconf 90' lang='lat' dir='ltr'><strong>tuis</strong></span> <span class='ocrx_word' id='word_1_55' title='bbox 1132 904 1322 950; x_wconf 84' lang='lat' dir='ltr'><strong>exorta</strong></span> <span class='ocrx_word' id='word_1_56' title='bbox 1346 890 1449 947; x_wconf 90' lang='lat' dir='ltr'><strong>sub</strong></span> <span class='ocrx_word' id='word_1_57' title='bbox 1474 889 1655 945; x_wconf 80' lang='lat' dir='ltr'><strong>antris</strong></span> 
     </span>
     <span class='ocr_line' id='line_1_9' title="bbox 344 969 1798 1058; baseline -0.013 -15"><span class='ocrx_word' id='word_1_58' title='bbox 344 1012 375 1037; x_wconf 76' lang='grc' dir='ltr'>κ</span> <span class='ocrx_word' id='word_1_59' title='bbox 404 983 659 1042; x_wconf 73' lang='lat' dir='ltr'><strong>Concilio</strong></span> <span class='ocrx_word' id='word_1_60' title='bbox 688 982 1003 1058; x_wconf 68' lang='lat' dir='ltr'><strong>Superum,</strong></span> <span class='ocrx_word' id='word_1_61' title='bbox 1033 979 1167 1034; x_wconf 88' lang='lat' dir='ltr'><strong>dum</strong></span> <span class='ocrx_word' id='word_1_62' title='bbox 1195 977 1349 1034; x_wconf 86' lang='lat' dir='ltr'><strong>Pelea</strong></span> <span class='ocrx_word' id='word_1_63' title='bbox 1374 975 1539 1031; x_wconf 81' lang='lat' dir='ltr'>dulce</span> <span class='ocrx_word' id='word_1_64' title='bbox 1565 969 1798 1028; x_wconf 78' lang='lat' dir='ltr'><strong>maritat</strong></span> 
     </span>
     <span class='ocr_line' id='line_1_10' title="bbox 347 1056 1795 1142; baseline -0.009 -18"><span class='ocrx_word' id='word_1_65' title='bbox 347 1090 376 1124; x_wconf 84' lang='lat'><strong><em>«</em></strong></span> <span class='ocrx_word' id='word_1_66' title='bbox 403 1069 596 1127; x_wconf 88' lang='lat' dir='ltr'><strong>Pelion</strong></span> <span class='ocrx_word' id='word_1_67' title='bbox 611 1110 627 1140; x_wconf 84' lang='lat'>‚</span> <span class='ocrx_word' id='word_1_68' title='bbox 664 1082 719 1125; x_wconf 87' lang='lat' dir='ltr'><strong>et</strong></span> <span class='ocrx_word' id='word_1_69' title='bbox 735 1067 940 1125; x_wconf 86' lang='lat' dir='ltr'><strong>nostris</strong></span> <span class='ocrx_word' id='word_1_70' title='bbox 954 1068 1070 1142; x_wconf 80' lang='lat' dir='ltr'><strong>jam</strong></span> <span class='ocrx_word' id='word_1_71' title='bbox 1087 1076 1238 1120; x_wconf 87' lang='lat' dir='ltr'><strong>tunc·</strong></span> <span class='ocrx_word' id='word_1_72' title='bbox 1242 1057 1588 1138; x_wconf 82' lang='lat' dir='ltr'><strong>promitteris</strong></span> <span class='ocrx_word' id='word_1_73' title='bbox 1605 1056 1795 1112; x_wconf 81' lang='lat' dir='ltr'><strong>armis.</strong></span> 
     </span>
     <span class='ocr_line' id='line_1_11' title="bbox 346 1147 1556 1232; baseline -0.005 -22"><span class='ocrx_word' id='word_1_74' title='bbox 346 1181 374 1210; x_wconf 74' lang='grc' dir='ltr'>κ</span> <span class='ocrx_word' id='word_1_75' title='bbox 404 1158 497 1213; x_wconf 82' lang='lat' dir='ltr'><strong>Ira</strong></span> <span class='ocrx_word' id='word_1_76' title='bbox 522 1157 706 1232; x_wconf 87' lang='lat' dir='ltr'><strong>quatit</strong></span> <span class='ocrx_word' id='word_1_77' title='bbox 733 1156 926 1213; x_wconf 88' lang='lat' dir='ltr'><strong>victas.</strong></span> <span class='ocrx_word' id='word_1_78' title='bbox 957 1152 1095 1210; x_wconf 89' lang='lat' dir='ltr'><strong>Petit</strong></span> <span class='ocrx_word' id='word_1_79' title='bbox 1120 1147 1364 1209; x_wconf 74' lang='lat' dir='ltr'><strong>exitialia</strong></span> <span class='ocrx_word' id='word_1_80' title='bbox 1381 1150 1556 1223; x_wconf 83' lang='lat' dir='ltr'><strong>judex</strong></span> 
     </span>
     <span class='ocr_line' id='line_1_12' title="bbox 346 1227 1855 1318; baseline -0.009 -21"><span class='ocrx_word' id='word_1_81' title='bbox 346 1265 375 1297; x_wconf 80' lang='grc' dir='ltr'><strong><em>κ</em></strong></span> <span class='ocrx_word' id='word_1_82' title='bbox 403 1241 673 1299; x_wconf 81' lang='lat' dir='ltr'><strong>Praemia:</strong></span> <span class='ocrx_word' id='word_1_83' title='bbox 712 1240 929 1318; x_wconf 86' lang='lat' dir='ltr'><strong>raptori</strong></span> <span class='ocrx_word' id='word_1_84' title='bbox 961 1236 1154 1295; x_wconf 83' lang='lat' dir='ltr'><strong>faciles</strong></span> <span class='ocrx_word' id='word_1_85' title='bbox 1179 1245 1564 1292; x_wconf 71' lang='lat' dir='ltr'><strong>monstrantur</strong></span> <span class='ocrx_word' id='word_1_86' title='bbox 1587 1227 1855 1307; x_wconf 81' lang='lat' dir='ltr'><strong>Amyclae.</strong></span> 
     </span>
     <span class='ocr_line' id='line_1_13' title="bbox 423 1314 1824 1403; baseline -0.009 -23"><span class='ocrx_word' id='word_1_87' title='bbox 423 1351 452 1380; x_wconf 81' lang='grc' dir='ltr'>α</span> <span class='ocrx_word' id='word_1_88' title='bbox 478 1328 583 1384; x_wconf 81' lang='lat' dir='ltr'><strong>Ine</strong></span> <span class='ocrx_word' id='word_1_89' title='bbox 604 1327 849 1403; x_wconf 85' lang='lat' dir='ltr'><strong>Phryges</strong></span> <span class='ocrx_word' id='word_1_90' title='bbox 865 1325 1059 1393; x_wconf 80' lang='lat' dir='ltr'><strong>lucos,</strong></span> <span class='ocrx_word' id='word_1_91' title='bbox 1093 1322 1285 1380; x_wconf 85' lang='lat' dir='ltr'><strong>matris</strong></span> <span class='ocrx_word' id='word_1_92' title='bbox 1309 1316 1621 1399; x_wconf 78' lang='lat' dir='ltr'><strong>penetralia</strong></span> <span class='ocrx_word' id='word_1_93' title='bbox 1654 1314 1824 1373; x_wconf 80' lang='lat' dir='ltr'><strong>caedit</strong></span> 
     </span>
     <span class='ocr_line' id='line_1_14' title="bbox 351 1401 1820 1485; baseline -0.006 -21"><span class='ocrx_word' id='word_1_94' title='bbox 351 1435 379 1464; x_wconf 76' lang='grc' dir='ltr'><strong>α</strong></span> <span class='ocrx_word' id='word_1_95' title='bbox 407 1411 750 1485; x_wconf 73' lang='lat' dir='ltr'><strong>Turrigeiae,</strong></span> <span class='ocrx_word' id='word_1_96' title='bbox 781 1409 1092 1485; x_wconf 80' lang='lat' dir='ltr'><strong>vetitasque</strong></span> <span class='ocrx_word' id='word_1_97' title='bbox 1113 1407 1232 1463; x_wconf 91' lang='lat' dir='ltr'><strong>solo</strong></span> <span class='ocrx_word' id='word_1_98' title='bbox 1260 1404 1648 1483; x_wconf 82' lang='lat' dir='ltr'>procumbere</span> <span class='ocrx_word' id='word_1_99' title='bbox 1654 1401 1820 1479; x_wconf 82' lang='lat' dir='ltr'><strong>pinus</strong></span> 
     </span>
    </p>
   </div>
   <div class='ocr_carea' id='block_1_3' title="bbox 246 1485 1781 1572">
    <p class='ocr_par' dir='ltr' id='par_1_3' title="bbox 246 1485 1781 1572">
     <span class='ocr_line' id='line_1_15' title="bbox 246 1485 1781 1572; baseline -0.006 -22"><span class='ocrx_word' id='word_1_100' title='bbox 246 1522 265 1529; x_wconf 40' lang='grc' dir='ltr'><em>ν</em></span> <span class='ocrx_word' id='word_1_101' title='bbox 351 1519 381 1549; x_wconf 70' lang='grc' dir='ltr'><strong>ι(</strong></span> <span class='ocrx_word' id='word_1_102' title='bbox 406 1496 760 1572; x_wconf 63' lang='lat' dir='ltr'><strong>Praecipitat,</strong></span> <span class='ocrx_word' id='word_1_103' title='bbox 795 1508 1087 1570; x_wconf 86' lang='lat' dir='ltr'><strong>terrasque</strong></span> <span class='ocrx_word' id='word_1_104' title='bbox 1112 1494 1260 1550; x_wconf 82' lang='lat' dir='ltr'><strong>freto</strong></span> <span class='ocrx_word' id='word_1_105' title='bbox 1283 1490 1503 1547; x_wconf 85' lang='lat' dir='ltr'><strong>delatus</strong></span> <span class='ocrx_word' id='word_1_106' title='bbox 1530 1485 1781 1544; x_wconf 87' lang='lat' dir='ltr'><strong>Achaeas.</strong></span> 
     </span>
    </p>
   </div>
   <div class='ocr_carea' id='block_1_4' title="bbox 351 1575 1862 3108">
    <p class='ocr_par' dir='ltr' id='par_1_4' title="bbox 351 1575 1862 3108">
     <span class='ocr_line' id='line_1_16' title="bbox 351 1575 1780 1685; baseline -0.007 -48"><span class='ocrx_word' id='word_1_107' title='bbox 351 1604 379 1633; x_wconf 87' lang='lat'>«</span> <span class='ocrx_word' id='word_1_108' title='bbox 406 1579 660 1659; x_wconf 82' lang='lat' dir='ltr'><strong>Hospitis</strong></span> <span class='ocrx_word' id='word_1_109' title='bbox 685 1580 902 1637; x_wconf 72' lang='lat' dir='ltr'><strong>Atridae</strong></span> <span class='ocrx_word' id='word_1_110' title='bbox 930 1575 1151 1657; x_wconf 86' lang='lat' dir='ltr'><strong>(pudet</strong></span> <span class='ocrx_word' id='word_1_111' title='bbox 1173 1576 1318 1685; x_wconf 82' lang='lat' dir='ltr'><strong>heu!</strong></span> <span class='ocrx_word' id='word_1_112' title='bbox 1355 1575 1695 1650; x_wconf 85' lang='lat' dir='ltr'><strong>miseretque</strong></span> <span class='ocrx_word' id='word_1_113' title='bbox 1779 1642 1780 1647; x_wconf 9' lang='grc' dir='ltr'><strong>Ἰ</strong></span> 
     </span>
     <span class='ocr_line' id='line_1_17' title="bbox 574 1666 863 1743; baseline 0.008 -21"><span class='ocrx_word' id='word_1_114' title='bbox 574 1666 863 1743; x_wconf 85' lang='lat' dir='ltr'><strong>potentis</strong></span> 
     </span>
     <span class='ocr_line' id='line_1_18' title="bbox 353 1747 1673 1835; baseline -0.006 -23"><span class='ocrx_word' id='word_1_115' title='bbox 353 1778 384 1811; x_wconf 72' lang='lat' dir='ltr'><strong>t&lt;</strong></span> <span class='ocrx_word' id='word_1_116' title='bbox 408 1756 650 1832; x_wconf 78' lang='lat' dir='ltr'><strong>Europae</strong></span> <span class='ocrx_word' id='word_1_117' title='bbox 671 1751 722 1832; x_wconf 66' lang='grc' dir='ltr'><strong>ξ’)</strong></span> <span class='ocrx_word' id='word_1_118' title='bbox 761 1749 964 1829; x_wconf 78' lang='lat' dir='ltr'><strong>spoliat</strong></span> <span class='ocrx_word' id='word_1_119' title='bbox 996 1750 1305 1822; x_wconf 83' lang='lat' dir='ltr'><strong>thalamos3</strong></span> <span class='ocrx_word' id='word_1_120' title='bbox 1343 1747 1673 1835; x_wconf 83' lang='lat' dir='ltr'><strong>Helenaque</strong></span> 
     </span>
     <span class='ocr_line' id='line_1_19' title="bbox 566 1840 842 1918; baseline 0 -21"><span class='ocrx_word' id='word_1_121' title='bbox 566 1840 842 1918; x_wconf 87' lang='lat' dir='ltr'><strong>superbus</strong></span> 
     </span>
     <span class='ocr_line' id='line_1_20' title="bbox 355 1921 1858 2004; baseline -0.003 -23"><span class='ocrx_word' id='word_1_122' title='bbox 355 1951 386 1981; x_wconf 76' lang='grc' dir='ltr'>α</span> <span class='ocrx_word' id='word_1_123' title='bbox 412 1928 694 2004; x_wconf 84' lang='lat' dir='ltr'><strong>Navigat,</strong></span> <span class='ocrx_word' id='word_1_124' title='bbox 720 1936 775 1983; x_wconf 92' lang='lat' dir='ltr'><strong>et</strong></span> <span class='ocrx_word' id='word_1_125' title='bbox 801 1938 999 2002; x_wconf 89' lang='lat' dir='ltr'><strong>captos</strong></span> <span class='ocrx_word' id='word_1_126' title='bbox 1016 1922 1092 1979; x_wconf 89' lang='lat' dir='ltr'><strong>ad</strong></span> <span class='ocrx_word' id='word_1_127' title='bbox 1111 1925 1381 2000; x_wconf 85' lang='lat' dir='ltr'><strong>Pergama</strong></span> <span class='ocrx_word' id='word_1_128' title='bbox 1408 1921 1639 1979; x_wconf 84' lang='lat' dir='ltr'><strong>devehit</strong></span> <span class='ocrx_word' id='word_1_129' title='bbox 1662 1921 1858 1996; x_wconf 79' lang='lat' dir='ltr'><strong>Argos.</strong></span> 
     </span>
     <span class='ocr_line' id='line_1_21' title="bbox 429 2001 1833 2087; baseline -0.003 -24"><span class='ocrx_word' id='word_1_130' title='bbox 429 2036 458 2065; x_wconf 85' lang='lat'>«</span> <span class='ocrx_word' id='word_1_131' title='bbox 485 2012 662 2083; x_wconf 86' lang='lat' dir='ltr'><strong>Inde,</strong></span> <span class='ocrx_word' id='word_1_132' title='bbox 685 2011 817 2067; x_wconf 86' lang='lat' dir='ltr'><strong>dato</strong></span> <span class='ocrx_word' id='word_1_133' title='bbox 834 2007 1043 2087; x_wconf 89' lang='lat' dir='ltr'><strong>passim</strong></span> <span class='ocrx_word' id='word_1_134' title='bbox 1069 2008 1255 2067; x_wconf 86' lang='lat' dir='ltr'><strong>varias</strong></span> <span class='ocrx_word' id='word_1_135' title='bbox 1274 2009 1493 2065; x_wconf 78' lang='lat' dir='ltr'><strong>rumoie</strong></span> <span class='ocrx_word' id='word_1_136' title='bbox 1510 2027 1615 2085; x_wconf 86' lang='lat' dir='ltr'><strong>per</strong></span> <span class='ocrx_word' id='word_1_137' title='bbox 1634 2001 1807 2063; x_wconf 79' lang='lat' dir='ltr'><strong>tubes</strong></span> <span class='ocrx_word' id='word_1_138' title='bbox 1814 2045 1833 2075; x_wconf 86' lang='lat'><strong><em>,</em></strong></span> 
     </span>
     <span class='ocr_line' id='line_1_22' title="bbox 357 2094 1701 2195; baseline -0.002 -44"><span class='ocrx_word' id='word_1_139' title='bbox 357 2120 387 2151; x_wconf 77' lang='grc' dir='ltr'>α</span> <span class='ocrx_word' id='word_1_140' title='bbox 412 2096 679 2195; x_wconf 90' lang='lat' dir='ltr'><strong>Undique</strong></span> <span class='ocrx_word' id='word_1_141' title='bbox 711 2094 949 2153; x_wconf 78' lang='lat' dir='ltr'><strong>inexciti</strong></span> <span class='ocrx_word' id='word_1_142' title='bbox 975 2094 1081 2151; x_wconf 86' lang='lat' dir='ltr'><strong>sibi</strong></span> <span class='ocrx_word' id='word_1_143' title='bbox 1102 2095 1373 2171; x_wconf 78' lang='lat' dir='ltr'><strong>quisque,</strong></span> <span class='ocrx_word' id='word_1_144' title='bbox 1413 2107 1469 2150; x_wconf 88' lang='lat' dir='ltr'><strong>et</strong></span> <span class='ocrx_word' id='word_1_145' title='bbox 1501 2104 1701 2171; x_wconf 88' lang='lat' dir='ltr'><strong>sponte</strong></span> 
     </span>
     <span class='ocr_line' id='line_1_23' title="bbox 569 2185 784 2236; baseline -0.005 0"><span class='ocrx_word' id='word_1_146' title='bbox 569 2185 784 2236; x_wconf 79' lang='lat' dir='ltr'><strong>coimus</strong></span> 
     </span>
     <span class='ocr_line' id='line_1_24' title="bbox 358 2260 1810 2340; baseline -0.003 -20"><span class='ocrx_word' id='word_1_147' title='bbox 358 2288 390 2320; x_wconf 71' lang='grc' dir='ltr'><strong>ι(</strong></span> <span class='ocrx_word' id='word_1_148' title='bbox 412 2263 656 2320; x_wconf 73' lang='lat' dir='ltr'><strong>UltoreS.</strong></span> <span class='ocrx_word' id='word_1_149' title='bbox 689 2263 827 2336; x_wconf 86' lang='lat' dir='ltr'><strong>Quis</strong></span> <span class='ocrx_word' id='word_1_150' title='bbox 855 2264 1004 2321; x_wconf 86' lang='lat' dir='ltr'><strong>enim</strong></span> <span class='ocrx_word' id='word_1_151' title='bbox 1035 2263 1264 2340; x_wconf 84' lang='lat' dir='ltr'><strong>genialia</strong></span> <span class='ocrx_word' id='word_1_152' title='bbox 1289 2262 1499 2322; x_wconf 85' lang='lat' dir='ltr'><strong>foedera</strong></span> <span class='ocrx_word' id='word_1_153' title='bbox 1522 2262 1708 2338; x_wconf 89' lang='lat' dir='ltr'><strong>rumpi</strong></span> <span class='ocrx_word' id='word_1_154' title='bbox 1725 2302 1742 2332; x_wconf 88' lang='lat'>‚</span> <span class='ocrx_word' id='word_1_155' title='bbox 1803 2260 1810 2263; x_wconf 69' lang='grc'>’</span> 
     </span>
     <span class='ocr_line' id='line_1_25' title="bbox 358 2344 1812 2427; baseline -0.001 -25"><span class='ocrx_word' id='word_1_156' title='bbox 358 2372 390 2402; x_wconf 76' lang='grc' dir='ltr'><strong><em>κ</em></strong></span> <span class='ocrx_word' id='word_1_157' title='bbox 415 2344 599 2427; x_wconf 87' lang='lat' dir='ltr'><strong>Capta</strong></span> <span class='ocrx_word' id='word_1_158' title='bbox 634 2346 808 2417; x_wconf 70' lang='lat' dir='ltr'><strong>dotis,</strong></span> <span class='ocrx_word' id='word_1_159' title='bbox 838 2348 1098 2424; x_wconf 84' lang='lat' dir='ltr'><strong>facilique</strong></span> <span class='ocrx_word' id='word_1_160' title='bbox 1127 2349 1276 2405; x_wconf 84' lang='lat' dir='ltr'><strong>trahi</strong></span> <span class='ocrx_word' id='word_1_161' title='bbox 1302 2345 1576 2404; x_wconf 89' lang='lat' dir='ltr'><strong>connubia</strong></span> <span class='ocrx_word' id='word_1_162' title='bbox 1606 2357 1774 2421; x_wconf 86' lang='lat' dir='ltr'><strong>raptu</strong></span> <span class='ocrx_word' id='word_1_163' title='bbox 1794 2386 1812 2415; x_wconf 87' lang='lat'><strong>,</strong></span> 
     </span>
     <span class='ocr_line' id='line_1_26' title="bbox 358 2430 1862 2511; baseline -0.003 -21"><span class='ocrx_word' id='word_1_164' title='bbox 358 2458 390 2490; x_wconf 68' lang='grc' dir='ltr'><strong>«ε</strong></span> <span class='ocrx_word' id='word_1_165' title='bbox 415 2436 721 2511; x_wconf 80' lang='lat' dir='ltr'><strong>Ceupecus</strong></span> <span class='ocrx_word' id='word_1_166' title='bbox 742 2446 1146 2503; x_wconf 85' lang='lat' dir='ltr'><strong>armentumve,</strong></span> <span class='ocrx_word' id='word_1_167' title='bbox 1163 2433 1407 2491; x_wconf 82' lang='lat' dir='ltr'><strong>autviles</strong></span> <span class='ocrx_word' id='word_1_168' title='bbox 1422 2430 1609 2489; x_wconf 86' lang='lat' dir='ltr'><strong>messis</strong></span> <span class='ocrx_word' id='word_1_169' title='bbox 1623 2448 1862 2487; x_wconf 87' lang='lat' dir='ltr'><strong>acervos</strong></span> 
     </span>
     <span class='ocr_line' id='line_1_27' title="bbox 360 2513 1774 2594; baseline -0.006 -17"><span class='ocrx_word' id='word_1_170' title='bbox 360 2545 392 2576; x_wconf 74' lang='grc' dir='ltr'><strong><em>κ</em></strong></span> <span class='ocrx_word' id='word_1_171' title='bbox 416 2519 673 2577; x_wconf 86' lang='lat' dir='ltr'><strong>Perferat</strong></span> <span class='ocrx_word' id='word_1_172' title='bbox 690 2517 717 2573; x_wconf 66' lang='grc' dir='ltr'><strong>ἲ)</strong></span> <span class='ocrx_word' id='word_1_173' title='bbox 741 2513 860 2575; x_wconf 79' lang='lat' dir='ltr'><strong>haec</strong></span> <span class='ocrx_word' id='word_1_174' title='bbox 882 2521 1049 2594; x_wconf 81' lang='lat' dir='ltr'><strong>etiarn</strong></span> <span class='ocrx_word' id='word_1_175' title='bbox 1076 2521 1252 2575; x_wconf 72' lang='lat' dir='ltr'><strong>fortes</strong></span> <span class='ocrx_word' id='word_1_176' title='bbox 1269 2520 1487 2594; x_wconf 84' lang='lat' dir='ltr'><strong>jactura</strong></span> <span class='ocrx_word' id='word_1_177' title='bbox 1506 2526 1774 2573; x_wconf 88' lang='lat' dir='ltr'><strong>moveret.</strong></span> 
     </span>
     <span class='ocr_line' id='line_1_28' title="bbox 433 2601 1857 2679; baseline -0.004 -21"><span class='ocrx_word' id='word_1_178' title='bbox 433 2629 463 2658; x_wconf 87' lang='lat'>«</span> <span class='ocrx_word' id='word_1_179' title='bbox 491 2601 620 2660; x_wconf 80' lang='lat' dir='ltr'><strong>Non</strong></span> <span class='ocrx_word' id='word_1_180' title='bbox 639 2602 776 2669; x_wconf 81' lang='lat' dir='ltr'><strong>tulit</strong></span> <span class='ocrx_word' id='word_1_181' title='bbox 793 2602 1019 2678; x_wconf 84' lang='lat' dir='ltr'><strong>insidias</strong></span> <span class='ocrx_word' id='word_1_182' title='bbox 1034 2604 1581 2679; x_wconf 72' lang='lat' dir='ltr'><strong>Divum-imperiosus</strong></span> <span class='ocrx_word' id='word_1_183' title='bbox 1593 2602 1826 2675; x_wconf 78' lang='lat' dir='ltr'><strong>Agenor</strong></span> <span class='ocrx_word' id='word_1_184' title='bbox 1838 2638 1857 2667; x_wconf 85' lang='lat'>‚</span> 
     </span>
     <span class='ocr_line' id='line_1_29' title="bbox 356 2687 1855 2766; baseline -0.004 -21"><span class='ocrx_word' id='word_1_185' title='bbox 356 2712 386 2745; x_wconf 72' lang='grc' dir='ltr'><strong><em>κ</em></strong></span> <span class='ocrx_word' id='word_1_186' title='bbox 408 2689 777 2766; x_wconf 82' lang='lat' dir='ltr'><strong>Mugitusque</strong></span> <span class='ocrx_word' id='word_1_187' title='bbox 805 2709 1024 2759; x_wconf 78' lang='lat' dir='ltr'><strong>sacroS,</strong></span> <span class='ocrx_word' id='word_1_188' title='bbox 1056 2702 1110 2746; x_wconf 90' lang='lat' dir='ltr'><strong>et</strong></span> <span class='ocrx_word' id='word_1_189' title='bbox 1142 2708 1346 2764; x_wconf 85' lang='lat' dir='ltr'><strong>magno</strong></span> <span class='ocrx_word' id='word_1_190' title='bbox 1371 2687 1602 2744; x_wconf 78' lang='lat' dir='ltr'><strong>numine</strong></span> <span class='ocrx_word' id='word_1_191' title='bbox 1635 2697 1855 2742; x_wconf 86' lang='lat' dir='ltr'><strong>vectam</strong></span> 
     </span>
     <span class='ocr_line' id='line_1_30' title="bbox 361 2776 1822 2852; baseline -0.002 -23"><span class='ocrx_word' id='word_1_192' title='bbox 361 2801 389 2829; x_wconf 77' lang='grc' dir='ltr'>α</span> <span class='ocrx_word' id='word_1_193' title='bbox 416 2776 645 2850; x_wconf 82' lang='lat' dir='ltr'><strong>Quaesiit</strong></span> <span class='ocrx_word' id='word_1_194' title='bbox 663 2778 948 2852; x_wconf 88' lang='lat' dir='ltr'><strong>Europen,</strong></span> <span class='ocrx_word' id='word_1_195' title='bbox 971 2789 1413 2852; x_wconf 75' lang='lat' dir='ltr'><strong>aspernatusque</strong></span> <span class='ocrx_word' id='word_1_196' title='bbox 1434 2785 1722 2829; x_wconf 85' lang='lat' dir='ltr'><strong>tonantem</strong></span> <span class='ocrx_word' id='word_1_197' title='bbox 1738 2783 1822 2827; x_wconf 88' lang='lat' dir='ltr'><strong>est</strong></span> 
     </span>
     <span class='ocr_line' id='line_1_31' title="bbox 359 2856 1760 2939; baseline -0.001 -26"><span class='ocrx_word' id='word_1_198' title='bbox 359 2884 389 2914; x_wconf 82' lang='lat'>«</span> <span class='ocrx_word' id='word_1_199' title='bbox 413 2864 492 2916; x_wconf 91' lang='lat' dir='ltr'><strong>Ut</strong></span> <span class='ocrx_word' id='word_1_200' title='bbox 516 2880 803 2937; x_wconf 86' lang='lat' dir='ltr'><strong>generum.</strong></span> <span class='ocrx_word' id='word_1_201' title='bbox 831 2858 1074 2937; x_wconf 85' lang='lat' dir='ltr'><strong>Raptam</strong></span> <span class='ocrx_word' id='word_1_202' title='bbox 1106 2873 1160 2915; x_wconf 93' lang='lat' dir='ltr'><strong>et</strong></span> <span class='ocrx_word' id='word_1_203' title='bbox 1186 2860 1450 2939; x_wconf 81' lang='lat' dir='ltr'><strong>Scythico</strong></span> <span class='ocrx_word' id='word_1_204' title='bbox 1475 2858 1547 2913; x_wconf 91' lang='lat' dir='ltr'><strong>de</strong></span> <span class='ocrx_word' id='word_1_205' title='bbox 1572 2856 1760 2913; x_wconf 72' lang='lat' dir='ltr'><strong>littoie</strong></span> 
     </span>
     <span class='ocr_line' id='line_1_32' title="bbox 569 2946 1758 3023; baseline -0.007 -22"><span class='ocrx_word' id='word_1_206' title='bbox 569 2946 788 3023; x_wconf 85' lang='lat' dir='ltr'><strong>prolem</strong></span> <span class='ocrx_word' id='word_1_207' title='bbox 1754 2987 1758 2993; x_wconf 92' lang='lat'><strong>.</strong></span> 
     </span>
     <span class='ocr_line' id='line_1_33' title="bbox 361 3028 1817 3108; baseline -0.001 -21"><span class='ocrx_word' id='word_1_208' title='bbox 361 3054 391 3086; x_wconf 79' lang='lat' dir='ltr'><strong>t&lt;</strong></span> <span class='ocrx_word' id='word_1_209' title='bbox 415 3033 539 3087; x_wconf 86' lang='lat' dir='ltr'><strong>Non</strong></span> <span class='ocrx_word' id='word_1_210' title='bbox 565 3030 692 3087; x_wconf 82' lang='lat' dir='ltr'><strong>tulit</strong></span> <span class='ocrx_word' id='word_1_211' title='bbox 712 3031 940 3089; x_wconf 84' lang='lat' dir='ltr'><strong>AEetes·</strong></span> <span class='ocrx_word' id='word_1_212' title='bbox 921 3072 942 3108; x_wconf 83' lang='lat'><em>,</em></span> <span class='ocrx_word' id='word_1_213' title='bbox 976 3030 1235 3108; x_wconf 85' lang='lat' dir='ltr'><strong>ferroque</strong></span> <span class='ocrx_word' id='word_1_214' title='bbox 1261 3042 1321 3089; x_wconf 90' lang='lat' dir='ltr'><strong>et</strong></span> <span class='ocrx_word' id='word_1_215' title='bbox 1346 3028 1523 3088; x_wconf 80' lang='lat' dir='ltr'><strong>classe</strong></span> <span class='ocrx_word' id='word_1_216' title='bbox 1543 3038 1817 3103; x_wconf 85' lang='lat' dir='ltr'><strong>sequutus</strong></span> 
     </span>
    </p>
   </div>
  </div>
 </body>
</html>
