2079 3613
616 200 677 243 ’μ
708 240 1228 309 AcmnmtnOS,
1279 246 1418 296 mn.
1467 246 1590 305 151„
1692 237 1823 318 ³9⁵

338 420 528 441 a..

501 590 878 675 LIBER
948 584 1654 679 SECUNDUS.

336 891 451 973 Ar
479 914 674 971 Thetis
700 911 994 970 undisonis
1020 933 1125 988 per
1151 925 1374 970 noctem
1398 913 1457 969 in
1481 912 1716 989 rupibus

557 999 781 1056 adstans
808 1039 825 1068 ‚
1099 1052 1150 1088 ⁴

337 1091 473 1158 Quae
499 1097 632 1141 nato
658 1095 872 1140 secreta
891 1083 1055 1153 velit,
1085 1081 1286 1157 quibus
1311 1082 1516 1139 abdere
1543 1084 1699 1140 terris

339 1170 623 1238 Destinet,
653 1168 791 1236 huc,
812 1167 986 1238 illuc,
1015 1166 1232 1224 diversa
1259 1178 1449 1223 mente
1476 1166 1706 1224 volutat.

338 1254 616 1324 Proxima,
645 1254 746 1311 sed
772 1253 963 1310 studiis
989 1253 1223 1310 multum
1249 1253 1524 1312 Mavortia
1540 1295 1557 1324 ,
1578 1253 1828 1314 Thrace:

339 1344 456 1400 Nec
478 1344 764 1398 Macetum
789 1360 925 1439 gens
949 1340 1089 1397 dura
1114 1339 1329 1416 placet,
1356 1338 1698 1415 laudumque

509 1439 738 1494 daturi

334 1525 481 1581 Οεοι
486 1524 666 1600 opidae
693 1521 967 1580 stimulos.
993 1521 1239 1578 Nimium
1263 1533 1585 1596 opportuna
1608 1517 1814 1575 carinis

331 1611 552 1679 Sest03‚
581 1608 959 1685 Abydenique
983 1607 1172 1662 sinus.
1205 1600 1434 1685 placet
1417 1622 1499 1659 ire
1525 1620 1630 1680 per
1656 1604 1792 1660 altas

335 1694 630 1768 Cycladas.
659 1694 809 1747 Hinc
836 1703 1035 1766 spretae
1061 1693 1335 1766 Myconos
1355 1731 1372 1760 ‚
1400 1688 1740 1766 humilisque

548 1776 848 1853 Seriphos,

335 1864 419 1918 Et
429 1864 672 1917 Lemnos
696 1881 812 1916 non
837 1879 993 1935 aequa
1019 1859 1190 1928 viria,
1218 1869 1386 1932 atque
1413 1857 1637 1953 hospita
1658 1856 1828 1913 Delos

333 1946 627 2003 Gentibus.
660 1944 881 2000 Imbelli
903 1963 1089 2020 nuper
1113 1941 1489 2019 Lycomedis
1474 1963 1532 1996 m
1557 1940 1682 1997 aula

331 2031 627 2104 virgineos
654 2044 856 2101 coetu5‚
887 2043 940 2085 et
963 2030 1150 2085 littora
1174 2046 1421 2104 persona
1444 2028 1582 2085 ludo

236 2103 239 2106 ἢ
331 2116 610 2172 Audierat
625 2135 640 2186 ;
671 2117 839 2172 duros
860 2113 1144 2170 laxantem
1164 2115 1423 2188 AEgaeona
1448 2129 1636 2169 nexus

330 2202 500 2258 Missa
521 2202 701 2277 sequi,
729 2213 1071 2277 centumque
1092 2199 1198 2255 Dei
1222 2217 1520 2255 numerare
1542 2210 1784 2255 catenas,

329 2290 462 2354 Haec
487 2287 701 2364 placet,
732 2286 850 2343 haec
879 2286 1087 2343 timidae
1112 2284 1277 2342 tellus
1303 2285 1574 2340 tutissima
1604 2284 1785 2341 matri.

329 2370 521 2445 Qualis
549 2372 735 2427 vicino
762 2370 1008 2427 volucris
1033 2372 1144 2442 jam
1170 2368 1363 2425 sedula
1387 2380 1584 2443 partu,

327 2459 569 2530 Jamque
597 2456 796 2510 timens
818 2494 836 2523 ‚
863 2475 973 2530 qua
999 2452 1200 2511 fronde
1232 2452 1459 2508 domum
1482 2447 1791 2529 suspendat

555 2536 810 2607 inanem,

328 2622 590 2681 Providet
614 2620 750 2678 hinc
773 2636 995 2692 ventos,
1021 2622 1156 2678 hinc
1178 2622 1341 2679 anxia
1362 2622 1569 2698 cogitat
1587 2626 1822 2697 augum,

328 2708 476 2765 Hinc
500 2697 802 2764 honiineS.
831 2710 1060 2766 tandem
1086 2707 1266 2764 dubiae
1289 2706 1479 2784 placet
1504 2706 1729 2762 umbra·
1714 2748 1732 2777 ,

548 2792 824 2868 novisque

252 2879 259 2883 ”
325 2877 437 2937 Vix
462 2879 614 2935 stetit
640 2877 696 2933 in
720 2878 912 2948 ramis,
938 2891 993 2935 et
1016 2880 1274 2955 protinus
1300 2877 1465 2933 arbor
1495 2887 1728 2932 amatur.
1781 2911 1788 2918 „
1851 2953 1852 2956 Ἴ

400 2962 593 3018 Altera
615 2954 850 3021 consilio
877 2977 1161 3042 superest,
1183 2963 1528 3039 tristemque
1545 2963 1758 3044 fatigat
1839 2962 1846 2968 ’
