2079 3613
455 282 561 360 467
605 268 618 283 ‘
699 277 1148 348 THEBAIDOS,
1201 285 1342 333 Lm.
1394 283 1505 334 111.
1704 265 1776 355 73

268 383 501 440 Fronde
523 385 771 450 comam,
800 393 859 438 et
876 380 1058 438 niveis
1078 380 1268 437 ornati
1293 393 1549 457 tempora
1570 381 1746 452 vittis,

265 476 530 534 Evadunt
551 474 765 553 pariter
787 491 800 528 t
825 474 1084 531 madidos
1109 474 1210 530 ubi
1235 474 1459 544 lucidus
1487 496 1651 550 agros

263 572 437 625 Ortus
455 611 473 635 ‚
497 580 553 625 et
576 566 828 643 algentes
849 567 1059 624 laxavit
1077 567 1194 625 sole
1216 566 1470 645 pruinas·

267 663 356 717 Ac
381 660 542 738 prior
566 659 835 717 OEclides
861 658 1024 716 solita
1051 680 1229 737 prece
1252 679 1464 715 numen
1499 657 1744 712 amicat:

341 778 369 806 a
391 756 429 811 J
431 755 663 831 uppiter
683 753 1047 829 omnipotens
1061 795 1077 823 .,
1097 769 1230 809 nam
1249 766 1306 809 te
1332 749 1662 829 pernicibus
1679 747 1780 804 alis

265 871 294 899 t<
319 844 542 902 Addere
564 844 858 903 consilium
874 888 889 915 ,
912 845 1281 922 volucresque
1309 845 1547 923 implere
1567 839 1783 910 futuri,

263 964 292 993 «
316 939 632 1017 Ominaque
655 983 671 1012 ‚
696 953 754 997 et
775 959 971 1008 causas
995 942 1138 998 coelo
1164 941 1391 998 deferre
1415 935 1658 995 latentes

262 1057 295 1087 t(
316 1032 644 1108 Accipimus
661 1055 673 1085 ε
692 1053 808 1087 non
827 1032 1054 1107 Cyrrha
1069 1034 1254 1087 Deum
1271 1031 1598 1107 promiserit
1614 1040 1778 1086 antro

264 1151 294 1178 κ
318 1125 545 1181 Certius
561 1164 577 1192 ‚
603 1135 696 1178 aut
723 1121 953 1178 frondes
968 1120 1115 1177 lucis
1132 1141 1273 1197 quas
1290 1124 1436 1178 fama
1459 1120 1720 1178 Molossis

262 1241 292 1269 α
318 1216 598 1273 Chaonias
618 1216 866 1274 sonuisse
890 1214 993 1271 tibi
1019 1234 1032 1269 ε
1065 1215 1197 1272 licet
1226 1214 1414 1271 aridus
1441 1217 1686 1270 Ammon

262 1327 292 1355 «
313 1300 576 1359 Invideat
594 1345 612 1370 ‚
637 1302 938 1379 Lyciaeque
963 1314 1166 1379 parent
1187 1299 1534 1358 contendere
1557 1311 1772 1380 sorte5‚¹

261 1411 291 1439 «
315 1386 706 1465 Niliacumque
732 1406 912 1463 pecus
931 1430 949 1455 ,
979 1386 1280 1465 patrioque
1308 1384 1537 1463 aequa-lis
1568 1384 1774 1459 honori

260 1499 295 1525 α
312 1473 605 1531 Branchus
624 1516 640 1545 ‚
668 1487 722 1529 et
748 1475 979 1531 undosae
1001 1473 1103 1551 qui
1121 1475 1360 1531 rusticus
1387 1473 1575 1530 accola
1603 1474 1736 1529 Pisae

261 1586 289 1615 «
309 1565 457 1617 Pana
476 1562 771 1639 Lycaonia
795 1573 1139 1617 nocturnum
1160 1562 1395 1619 exaudit
1423 1562 1481 1616 in
1507 1560 1730 1617 umbra.

260 1674 291 1698 ιι
310 1646 496 1701 Ditior
517 1644 610 1702 ille
637 1646 842 1716 animi,
870 1645 961 1702 cui
994 1659 1084 1715 tu,
1109 1646 1356 1719 Dictaee-,
1386 1645 1657 1711 secundas
1721 1707 1730 1714 s

257 1756 286 1785 ε(
307 1732 592 1809 Impuleris
609 1732 942 1789 manifestus
963 1752 1116 1790 aves·
1149 1734 1359 1791 Mirum
1383 1735 1535 1791 unde
1550 1775 1566 1804 ‚
1588 1734 1692 1791 sed

407 1818 541 1873 olim

259 1928 288 1958 «
315 1900 422 1957 Hic
445 1901 633 1956 honor
649 1898 896 1956 alitibus.
925 1903 1154 1975 Superas
1180 1922 1278 1958 seu
1301 1896 1562 1965 eonditor
1585 1904 1722 1963 aulae

259 2013 288 2043 (ι
309 1988 397 2045 Sic
412 1986 591 2057 dedit,
608 1985 848 2047 effusum
859 1982 1048 2042 Chaos
1063 1983 1119 2041 in
1142 2005 1290 2043 nova
1310 1986 1520 2044 semina
1539 2000 1760 2059 texens:

255 2099 284 2130 «
307 2078 419 2133 Seu
445 2075 576 2150 quia
595 2084 850 2141 mutatae,
877 2084 1186 2149 nostraque
1208 2072 1279 2138 ab
1302 2073 1518 2152 origine
1540 2076 1713 2134 versis

261 2186 289 2214 «
309 2159 654 2239 Corporibus
679 2158 900 2217 subiere
925 2160 1106 2217 Notos
1128 2182 1141 2216 ε
1167 2180 1261 2217 seu
1287 2156 1486 2243 purior
1506 2161 1626 2221 axis
1644 2204 1663 2233 ,
1757 2236 1760 2239 Ι

255 2272 284 2300 «
308 2249 685 2323 Amotumque
702 2240 886 2315 nefas,
912 2259 973 2303 et
994 2267 1184 2304 rarum
1201 2244 1463 2305 insistere
1482 2251 1653 2309 terris

187 2365 192 2368 ·
255 2357 285 2389 κ
305 2338 455 2391 Vera
485 2333 694 2389 docent
726 2352 742 2387 t
782 2331 881 2388 tibi
904 2371 922 2404 ,
960 2352 1175 2390 summe
1210 2346 1363 2391 sator
1404 2347 1684 2413 terraeque

399 2417 733 2494 Deumque,

255 2543 286 2572 «
307 2517 458 2571 Scire
474 2515 632 2571 lieet.
656 2515 774 2569 Nos
794 2512 1074 2589 Argolicae
1093 2513 1404 2589 primordia
1424 2534 1626 2593 pugnae
1641 2560 1658 2589 ,

255 2630 284 2660 α
303 2603 736 2673 venturumque
754 2597 905 2651 sinas
928 2597 1070 2659 coelo
1088 2618 1365 2670 praenosse
1388 2598 1660 2665 laborem.
1729 2656 1756 2673 .‚

255 2714 286 2743 «
307 2687 365 2746 Si
383 2685 580 2754 datur,
610 2695 666 2741 et
689 2681 848 2738 duris
875 2679 1034 2736 sedet
1063 2678 1185 2735 haec
1210 2683 1484 2738 sententia
1510 2685 1696 2753 Parcis

257 2800 289 2827 κ
306 2770 533 2830 Solvere
551 2767 852 2827 Echionias
870 2768 1101 2825 Lernaea
1124 2765 1361 2844 cuspide
1388 2781 1581 2845 portas
1594 2811 1611 2841 ‚
1749 2840 1752 2849 .

253 2884 281 2916 α
303 2859 472 2936 Signa
498 2859 644 2916 feras
662 2900 679 2931 ‚
712 2856 998 2934 laevusque
1035 2868 1217 2914 tones.
1255 2856 1416 2923 Tunc
1448 2857 1630 2920 omnis
1653 2861 1717 2922 in

401 2948 562 3002 astris
755 2995 758 2999 ,

255 3052 287 3090 ιτ
301 3033 536 3090 Consua
542 3044 600 3089 et
609 3049 812 3095 arcana
823 3032 1070 3096 volucris
1081 3034 1231 3096 bona
1245 3054 1528 3104 munuum
1548 3036 1752 3117 lingua,

372 3122 652 3182 Sumus,
1434 3125 1473 3197 4
