2079 3613
525 258 636 337 457
767 273 1218 333 ΤΗΒΒΑῙυοε,
1273 274 1415 323 Lm.
1464 277 1540 325 x.
1686 283 1810 346 299
1904 317 1913 327 .

298 368 526 430 Clamor
544 413 560 442 ,
585 384 642 428 et
663 392 693 427 e
716 390 932 430 summo
952 366 1217 450 pendent
1242 366 1453 448 cupida
1484 368 1705 444 agmina

533 456 677 514 vallo
871 459 874 462 ’

308 542 555 602 Noscere
580 543 813 620 quisque
841 561 988 600 suos.
1016 541 1327 616 Volucrum
1354 539 1434 597 sic
1461 538 1625 596 turba

509 641 802 686 recentum
828 668 845 696 ‚
1440 683 1463 696 t

302 711 729 770 Cumtreducem
748 705 917 790 longo
940 713 1233 789 prospexit
1249 710 1527 769 inaethere
1543 720 1781 765 matrem
1797 745 1818 777 ,

298 796 392 851 Ire
422 798 583 873 cupit
603 810 798 855 contra
820 840 838 865 ,
864 817 1195 872 summaque
1221 818 1251 853 e
1279 796 1531 873 margine
1558 793 1676 852 nidi

297 880 490 938 Exstat
512 881 674 938 hians
697 903 709 935 ε
738 884 847 956 jam
872 882 1097 958 jamque
1126 884 1325 955 cadat,
1353 882 1412 939 ni
1436 892 1674 956 pectore

522 978 644 1021 toto

215 1102 230 1110 ,
297 1048 501 1106 Obstet
527 1060 725 1123 aperta
750 1069 957 1125 pareus
974 1091 989 1119 ‚
1019 1062 1078 1106 et
1102 1049 1415 1106 amantibus
1440 1050 1698 1125 increpet

281 1149 284 1152 ’
524 1134 646 1189 alis·

299 1220 563 1296 Dumque
589 1238 732 1295 opus
757 1238 1022 1286 arcanum
1039 1261 1056 1290 ,
1091 1231 1148 1276 et
1174 1217 1330 1276 taciti
1352 1217 1687 1295 compendia

521 1305 723 1368 ,Martis
1262 1381 1267 1384 k

298 1391 648 1447 Enumerant
669 1434 684 1462 ‚
705 1391 965 1468 ‘laetisque
987 1413 1121 1454 suos
1141 1391 1526 1468 complexibus
1545 1391 1803 1468 implent,

298 1474 628 1553 Hopleaque
652 1478 953 1553 exquirunt
973 1519 990 1549 ,
1019 1478 1355 1554 tardumque
1382 1480 1668 1554 Dymanta

520 1575 846 1637 queruntur.

371 1647 515 1718 Ecce
541 1660 598 1702 et
621 1647 1015 1723 Dirceaejuxta
1045 1646 1159 1703 dux
1183 1646 1435 1704 concitus
1460 1648 1559 1704 alae

298 1730 549 1787 Venerat
575 1731 861 1805 Amphion
878 1772 894 1799 .,
925 1752 1041 1786 non
1061 1731 1293 1808 longum
1318 1729 1466 1788 caede
1493 1734 1706 1787 recenti

299 1816 543 1879 Laetatus
574 1831 588 1867 t
622 1814 777 1870 videt
802 1816 1105 1871 innumeris
1129 1816 1351 1887 fervere
1382 1818 1621 1871 catervis

295 1899 613 1971 {sellurem‚
644 1911 815 1976 atque
843 1919 952 1955 una
979 1912 1201 1974 gentem
1227 1899 1482 1973 expirare
1506 1900 1693 1967 ruina,

300 1987 407 2058 Qui
436 1998 646 2042 tremor
665 1983 846 2041 elicita
872 1984 1000 2042 coeli
1027 1984 1098 2041 de
1127 1984 1382 2060 lampade
1410 1996 1626 2042 tactum

299 2069 406 2125 Hic
431 2068 552 2126 fixit
587 2066 888 2145 juvenem?
911 2070 1235 2145 pariterque
1259 2068 1493 2126 horrore
1529 2068 1633 2126 suh
1654 2086 1769 2150 'unp
1784 2113 1801 2141 ‚

298 2153 427 2211 Vox
447 2193 465 2224 ,
496 2155 643 2212 acies
662 2198 678 2227 ,
706 2154 1037 2233 sanguisque
1063 2157 1255 2233 perit,
1286 2156 1632 2233 gemitusque

508 2253 802 2315 parantem

298 2323 430 2398 Ipse
449 2325 596 2382 ultro
623 2327 903 2395 convertit
930 2347 1128 2402 equus,
1159 2327 1329 2402 Fugit
1355 2326 1437 2384 ala
1458 2342 1675 2387 retorto

293 2407 548 2477 Pulvere.
577 2410 841 2466 Nondum
865 2409 942 2466 illi
967 2411 1293 2485 Thebarum
1320 2412 1561 2468 claustra

518 2491 778 2548 subibant
797 2534 815 2562 ‚

291 2576 363 2631 Et
387 2576 500 2649 jam
524 2576 735 2650 Argiva
760 2575 959 2633 cohors
981 2589 1257 2634 nocturno
1282 2580 1421 2636 freta
1448 2580 1736 2655 triumpho

293 2659 509 2719 Prosilit
534 2661 594 2719 in
626 2680 854 2737 campos
873 2703 889 2731 ,
921 2681 1026 2737 per
1052 2672 1105 2717 et
1133 2682 1317 2734 arma,
1348 2676 1403 2720 et
1433 2664 1687 2723 membra

515 2751 800 2824 jacentum
821 2789 838 2819 ,

295 2834 570 2910 Tetraque
599 2835 860 2912 congerie
888 2834 1035 2905 sola,
1062 2835 1560 2913 semianimumque

519 2939 791 2979 cruorem.
1064 2978 1067 2981 ,

293 3001 642 3081 cornipedes
667 3004 885 3083 ipsicue
912 3019 1101 3065 ruunt.
1133 3006 1334 3064 Gravis
1360 3006 1558 3066 exterit
1584 3022 1736 3065 artus
