2079 3613
483 273 587 348 547
725 269 1165 358 THEBAI-DOQ
1218 275 1360 325 ΠΒ.
1410 281 1549 328 VII.
1700 288 1819 331 201

335 391 365 422 α
385 370 514 425 Heu
527 370 771 425 nimium
793 370 972 442 mitis,
1000 373 1346 449 nimiumque
1370 375 1541 432 oblite
1570 393 1825 445 tuorum!

333 478 364 508 «
384 455 610 512 Scilicet
629 456 843 514 infestae
870 476 996 512 cum
1024 470 1079 513 te
1108 462 1313 515 circum
1340 452 1591 539 undique
1618 470 1828 530 dextroe

335 565 365 594 «
389 543 440 597 N
445 543 695 599 udabunt
720 563 896 613 enses,
915 543 1033 599 haec
1057 542 1232 612 flebit,
1256 557 1313 600 et
1332 567 1484 602 arma
1503 552 1834 624 quiescent?

333 649 362 679 ι(
388 630 536 684 Tene
565 627 655 683 ille
674 670 689 698 ‚
717 627 831 682 heu
857 627 1125 686 demens!
1150 633 1321 689 semel
1345 633 1491 690 intra
1516 638 1717 696 moenia

547 713 795 770 clausum
812 755 829 784 ,
1454 792 1457 793 ⁷

328 823 357 853 «
378 802 806 874 possessumque
833 801 1008 867 odiis,
1030 802 1241 877 Argiva
1267 804 1326 858 in
1349 819 1527 863 castra
1551 812 1833 874 remittet?

323 905 355 936 c<
380 886 527 941 Ante
554 884 671 940 haec
698 905 925 941 excusso
954 885 1274 944 frondescet
1299 888 1492 945 lancea
1519 895 1696 970 ferro,
1746 948 1749 951 .

325 991 356 1021 «
380 969 615 1025 Inachus
641 983 772 1023 ante
800 983 982 1040 retro,
1009 983 1306 1046 nosterque
1333 975 1618 1034 Acheloiis

546 1050 792 1107 abibunt.

329 1159 359 1190 c<
379 1137 491 1194 Sed
517 1137 654 1190 mite
670 1135 968 1212 «eloquium
988 1177 1003 1207 ,
1036 1150 1093 1194 et
1118 1142 1277 1199 saevis
1303 1161 1415 1219 pax
1441 1135 1706 1221 quaeritur

543 1243 739 1293 arnus,

324 1335 352 1365 κ
373 1312 504 1366 Haec
526 1320 747 1386 quoque
767 1322 956 1368 nostra
978 1325 1176 1390 patent
1199 1336 1214 1372 z
1242 1319 1486 1376 necdum
1511 1342 1767 1384 meruere

540 1398 744 1455 timeri.
1682 1394 1699 1406 ⁵

320 1509 349 1540 α
370 1488 452 1541 An
480 1496 770 1559 suspectus
798 1483 945 1562 ego?
971 1486 1246 1562 abscede,
1279 1504 1333 1547 et
1359 1512 1486 1549 mea
1510 1494 1744 1553 vulnera

538 1573 707 1628 dono.

320 1658 568 1725 «Intret,
598 1670 655 1711 et
679 1657 773 1711 hic
798 1657 1037 1732 genitrix
1066 1660 1293 1731 eadem,
1325 1664 1634 1743 mediaeque

538 1759 772 1795 sorores,

322 1823 548 1898 «Finge
582 1839 766 1879 autem
794 1828 973 1901 pactis
1009 1830 1252 1888 evictum
1285 1835 1560 1889 excedere
1597 1837 1811 1913 regniS,

321 1933 352 1965 κ
372 1910 588 1985 Nempe
625 1910 833 1979 iterum
864 1910 1113 1968 reddes?
1146 1937 1176 1965 »
1213 1916 1426 1971 Rursus
1459 1932 1675 1977 mutata

538 1995 835 2053 trahuntur
1454 2009 1459 2013 ’

312 2081 553 2156 Agmina
586 2080 849 2140 consiliis,
882 2082 1081 2141 Subito
1117 2106 1219 2143 ceu
1251 2088 1474 2144 turbine
1505 2089 1633 2145 coeli

311 2167 520 2225 Obvius
540 2167 831 2225 adversum
857 2174 1048 2236 Boreae
1074 2177 1252 2229 Notus
1278 2175 1503 2233 abstulit
1525 2197 1735 2252 aequor.

310 2254 483 2309 Arma
506 2253 709 2310 iterum
727 2297 742 2326 ‚
771 2256 1039 2336 furiaeque
1065 2258 1314 2337 placent.
1342 2264 1389 2318 F
1393 2283 1486 2319 era
1511 2275 1733 2341 tempus

528 2339 771 2415 Erinnys
852 2360 860 2368 “
893 2341 898 2344 ’

305 2422 554 2498 Arripit,
588 2437 645 2477 et
680 2425 874 2497 primae
905 2428 1133 2484 molitur
1160 2431 1379 2500 semina·
1401 2453 1625 2508 pugnae.

379 2501 655 2556 Errabant
681 2503 905 2577 geminae
925 2510 1141 2566 Dircaea
1165 2514 1239 2567 ad
1261 2516 1482 2570 flumina
1504 2516 1697 2590 tigrcS‚

306 2585 686 2661 Mite‘jugum.‚
712 2587 842 2641 belli
876 2592 1155 2663 quondam
1173 2609 1420 2651 vastator
1448 2598 1549 2649 Eoi
1644 2596 1648 2602 ’

307 2672 549 2741 Curru'5‚
575 2671 876 2747 Erythraeis
901 2694 1039 2749 quas
1075 2698 1260 2752 nuper
1287 2679 1472 2734 victor
1502 2679 1573 2732 ab
1601 2679 1715 2735 oris
1804 2693 1817 2708 ‘

307 2757 480 2813 Liber
500 2800 514 2825 ‚
543 2756 603 2813 in
622 2760 837 2817 Aonios
864 2762 1089 2819 meritas
1114 2763 1398 2821 dimiserat
1423 2785 1605 2842 agros·

305 2840 444 2896 Illas.
465 2842 627 2898 turba
654 2845 791 2911 Dei,
818 2848 1117 2924 seniorque
1148 2871 1218 2905 ex
1244 2870 1396 2905 more
1422 2849 1681 2907 sacerdos

308 2928 605 3003 Sanguinis
628 2931 855 3005 oblitas,
885 2949 1055 3011 atque
1077 2939 1281 2993 Indum
1304 2958 1532 3014 gramen
1553 2935 1765 2999 olentes
1781 2982 1797 3012 ,

308 3011 538 3075 palmite
565 3028 785 3078 maturo
812 3021 1092 3100 variisque
1118 3042 1314 3083 ornare
1342 3022 1622 3099 corymbis
1786 3017 1793 3028 ²

1414 3108 1532 3201 :a
