2079 3613
270 241 391 298 126
604 242 1041 304 THEBAmOS,
1094 242 1237 289 me.
1300 241 1374 289 v·
1474 257 1575 314 29¹

264 368 294 396 α
313 337 541 397 Lucifer
568 351 712 395 astra
734 336 889 413 polo.
920 338 1066 390 Tum
1098 335 1321 390 demum
1351 334 1540 391 littore
1568 356 1741 392 rauco

265 451 296 482 α
317 426 490 483 Multa
514 437 663 481 metu
686 433 956 499 reputans
973 462 988 490 ‚
1018 433 1076 476 et
1095 421 1185 479 vix
1211 419 1420 477 confisa
1445 423 1613 499 Lyaeo

265 535 296 565 α
315 512 549 568 Dividor
566 552 582 580 ‚
610 510 733 586 ipsa
761 506 940 583 gradu
963 506 1174 574 nitenS,
1201 507 1303 563 sed
1333 520 1392 562 et
1418 508 1581 563 anxia
1612 520 1768 565 retro

266 619 296 650 ι
316 599 549 654 Pectora
566 610 708 664 ‚nec
731 591 984 668 requies.,
1008 591 1147 668 quin
1173 605 1231 648 et
1258 593 1548 668 surgentia
1573 593 1714 650 coelo

257 680 601 745 nFlamina,
635 690 693 734 et
731 696 761 732 e
799 677 1014 733 cunctis
1044 688 1407 753 prospectem
1446 676 1680 734 collibus

481 760 685 817 undas,

341 872 370 901 α
387 843 655 904 Eioritur
666 844 997 923 pudibunda
1010 845 1131 903 dies
1144 886 1160 914 ,
1180 843 1487 920 coelumque
1502 857 1766 904 retexens

267 957 296 986 «
321 934 585 987 Aversum
609 932 824 986 Lemno
846 928 1013 1004 jubar
1030 970 1047 998 ,
1080 941 1134 984 et
1161 928 1399 985 declivia
1425 930 1595 986 Titan
1724 943 1730 949 '

265 1041 297 1070 «
315 1015 588 1091 Opposita
607 1018 737 1091 juga
762 1014 913 1071 nube
945 1015 1140 1071 refert.
1172 1016 1408 1071 Patuere
1433 1017 1654 1074 furores

267 1126 297 1155 α
317 1100 612 1172 Nocturni,
634 1102 887 1176 lucisque
911 1121 1073 1157 novae
1097 1100 1397 1157 formidine
1421 1102 1642 1158 cunctis

267 1207 297 1237 α
318 1189 649 1260 Quanquam
685 1185 836 1240 inter
875 1184 1081 1242 similes
1114 1185 1379 1256 habitus,
1420 1186 1629 1264 pudor.

491 1268 677 1344 Impia
711 1282 870 1325 terrae

271 1377 300 1407 α
320 1351 615 1409 Infodiunt
642 1352 853 1410 scelera
872 1397 887 1424 .,
918 1366 1014 1411 aut
1042 1353 1257 1412 festinis
1282 1352 1504 1430 ignibus
1526 1365 1710 1411 urunt.

271 1461 301 1490 κ
321 1438 357 1493 J
360 1441 449 1493 am
474 1458 670 1494 manus
693 1439 1092 1510 Eumenidum,
1115 1452 1420 1515 captasque
1445 1437 1728 1516 refugerat

492 1540 655 1577 arces

277 1629 306 1659 α
325 1607 666 1663 Exsaturata
688 1606 900 1664 Venus,
931 1606 1113 1662 Licuit
1146 1606 1353 1684 sentire
1381 1604 1519 1681 quid
1549 1625 1722 1675 ausae,

269 1716 301 1747 α
320 1695 392 1750 Et
417 1690 639 1748 turbare
668 1709 855 1747 comas
872 1730 889 1760 ‚
920 1702 978 1746 et
1001 1688 1215 1746 lumina
1242 1692 1447 1765 tingere
1473 1691 1624 1748 fletu.

349 1799 378 1830 α
399 1777 587 1834 Insula
616 1774 773 1851 dives
797 1774 974 1851 agriS‚
1006 1773 1337 1852 opibusque,
1367 1774 1676 1854 armisque,

488 1859 735 1937 virisque
751 1902 768 1929 ,
893 1858 904 1870 ’

270 1966 301 2001 κ
320 1946 470 2002 Nota
494 1944 605 2001 situ
621 1986 638 2016 ‚
670 1957 728 2000 et
750 1944 952 2000 Getico
981 1964 1168 2021 nuper
1195 1943 1371 2002 ditata
1394 1943 1680 2021 triumpho
1696 1985 1713 2014 ,

271 2054 301 2086 α
321 2031 451 2089 Non
474 2031 642 2087 maris
671 2028 935 2100 incursu,
964 2049 1081 2087 non
1111 2029 1307 2102 hoste,
1336 2051 1443 2089 nec
1468 2029 1674 2089 aethere

489 2113 630 2171 laevo
651 2155 669 2180 ,

272 2224 301 2254 α
322 2198 568 2256 Perdidit
590 2217 700 2265 una
717 2218 925 2270 omneS,
947 2194 1145 2256 orbata
1160 2242 1177 2271 ‚
1197 2199 1497 2274 excisaque
1518 2197 1729 2256 mundo
1745 2239 1762 2271 ‚

275 2309 306 2339 α
327 2283 661 2361 Indigenas:
679 2302 799 2340 non
810 2305 942 2343 arva
960 2286 1103 2355 viri,
1126 2303 1243 2341 non
1260 2302 1486 2358 aequora
1501 2296 1768 2342 verrunt:

273 2396 302 2425 α
323 2370 659 2428 Conticuere
682 2369 910 2427 domus:
936 2391 1104 2427 cruor
1121 2368 1283 2437 altus,
1304 2380 1360 2423 et
1381 2367 1555 2424 oblita
1578 2386 1767 2423 crasso

273 2478 303 2508 α
324 2458 544 2512 Cuncta
575 2456 782 2512 rubent
811 2456 947 2511 tabo
982 2473 997 2509 ι
1034 2471 1362 2528 magnaeque
1400 2451 1459 2510 in
1494 2450 1775 2512 moenibus

492 2542 645 2599 urbis
662 2584 680 2613 ,

272 2650 300 2680 «
322 2627 438 2683 Nos
455 2640 671 2684 tantum
685 2669 703 2694 ,
719 2638 776 2683 et
793 2625 919 2683 saevi
934 2624 1150 2702 spirant
1167 2645 1274 2703 per
1294 2625 1542 2682 culmina
1555 2623 1772 2676 Manes.

272 2730 301 2761 κ
320 2711 449 2783 Ipsa
474 2730 697 2786 quoque
725 2711 939 2766 arcanis
965 2710 1102 2766 tecti
1126 2712 1186 2765 in
1213 2704 1605 2783 penetralibus
1625 2702 1739 2760 alto

276 2812 305 2841 κ
323 2792 526 2848 Molior
544 2795 669 2868 igne
690 2812 891 2869 pyram
915 2810 931 2846 :
961 2804 1242 2867 sceptrum
1266 2809 1438 2866 super
1467 2808 1733 2864 armaque

490 2877 665 2950 patris

278 2982 306 3012 α
326 2957 528 3034 Injicio
549 3001 563 3029 ‚
589 2975 646 3017 et
670 2976 831 3021 notas
856 2979 1047 3038 regum
1075 2961 1383 3036 gestamina
1403 2973 1618 3033 vestes,
