2079 3613
523 293 627 351 123
719 293 1111 345 sYLvAnUM
1130 327 1147 356 ‚
1198 295 1341 342 ΗΒ.
1395 294 1492 363 Υ.
1616 281 1754 362 575

235 388 492 455 Arcadas
517 389 738 475 Ogygio
765 400 1083 446 versantem
1106 386 1165 442 in
1188 385 1426 461 pulvere
1448 399 1659 442 turmas

239 462 807 555 spectabantTy‘riae
830 493 946 527 non
976 485 1134 528 torvo
1158 471 1370 528 lumine
1392 482 1621 531 matres·

309 561 460 639 Ergo
491 578 624 633 age,
655 577 783 613 nam
811 555 1001 633 magni
1033 554 1192 613 ducis
1218 554 1567 633 indulgentia

450 638 633 719 poscit
650 684 670 709 ,

238 728 524 804 Certaque
549 726 646 782 dat
672 725 817 783 votis
846 723 1041 781 hilaris
1066 725 1294 802 vestigia
1324 725 1512 780 frater.

235 814 415 890 Surge
433 857 450 881 ‚
477 813 660 871 animo
686 824 743 870 et
767 812 938 866 sortes
963 812 1271 877 casti-orum
1300 808 1538 884 concipe
1564 805 1748 867 curas,⁸

239 884 638 953 Monstrabunt
675 896 822 949 acies
846 898 1075 952 Mavors
1101 899 1405 970 Actaeaque
1435 893 1595 969 virgo
1620 911 1634 962 ς

240 982 494 1043 Flectere
521 972 722 1037 Castor
746 999 919 1055 equos
945 978 1130 1061 gyriS,
1166 991 1391 1054 quatere
1416 999 1590 1047 arma

470 1065 769 1139 Quirinus,
936 1075 942 1082 '
1067 1104 1070 1107 -
1389 1128 1392 1135 A

245 1150 355 1227 Qui
376 1150 479 1206 tibi
504 1163 615 1214 tam
645 1164 837 1208 tenero
863 1148 1117 1226 permisit
1141 1147 1419 1224 plaudere
1441 1148 1585 1209 collo
1607 1212 1610 1217 ¹

246 1234 570 1313 Nubigenas
597 1233 825 1312 clypeos
843 1273 861 1305 ‚
888 1233 1214 1309 intactaque
1243 1230 1487 1290 caedibus
1514 1253 1642 1292 aera.

248 1323 531 1393 Quasnam
553 1320 718 1396 igitur
741 1332 916 1376 terras
934 1359 952 1389 ‚
980 1339 1143 1395 quem
1168 1317 1402 1385 Caesaris
1426 1318 1535 1376 ibis
1561 1318 1619 1375 in

476 1404 667 1465 orbem
685 1401 714 1460 ’.Ρ

248 1491 569 1553 Arctoosne
595 1502 814 1560 amueS,
849 1499 945 1553 aut
968 1488 1161 1546 Rheni
1188 1489 1361 1553 fracta
1387 1488 1611 1551 natabis

247 1573 548 1637 Flumina?
571 1597 647 1632 an
665 1574 918 1635 aestiferis
940 1574 1134 1650 Libyae
1160 1576 1388 1634 sudabis
1408 1574 1466 1631 in
1492 1571 1685 1639 arvis?

250 1663 343 1718 An
367 1660 498 1735 juga
524 1658 844 1728 Pannoniae,
874 1669 1288 1733 mutatoresque
1312 1655 1609 1715 domorum

250 1747 603 1805 Sauromatas
630 1743 887 1822 quaties?
913 1763 985 1826 an
1003 1755 1060 1805 te
1079 1755 1346 1821 septenus
1371 1743 1611 1810 habebit

252 1834 423 1908 Ister,
458 1844 514 1889 et
541 1830 756 1892 undoso
774 1829 1105 1895 'circumflua
1126 1832 1363 1907 conjuge
1385 1832 1610 1889 Peuce?

254 1920 337 1973 An
360 1918 647 1995 Solymum
666 1916 945 1987 cinerem,
973 1914 1329 1992 palmetaque
1352 1928 1517 1995 capta
1543 1916 1755 1982 subibis

256 2000 386 2057 Non
411 2002 520 2057 sibi
544 2001 741 2058 felices
765 1998 959 2077 Sylvas
981 1998 1249 2077 ponentis
1278 2000 1500 2058 Idumes
1525 1998 1554 2058 ⁴?

256 2085 422 2160 Quod
448 2086 494 2142 si
521 2099 573 2143 te
598 2107 800 2163 magno
824 2083 987 2142 tellus
1012 2085 1229 2141 frenata
1256 2086 1485 2161 parenti

206 2185 221 2192 *
257 2168 541 2245 Accipiat,
572 2179 837 2245 quantum
865 2169 1019 2234 ferus
1043 2168 1315 2236 exultabit
1340 2171 1593 2227 Araxes!
1623 2241 1636 2248 ,

258 2259 478 2329 Quanta
504 2253 845 2332 Calydonios
870 2254 1095 2311 attollet
1116 2255 1291 2332 gloria
1319 2256 1586 2333 campos!

259 2339 406 2394 Cum
430 2339 530 2396 tibi
554 2340 836 2415 longaevus
859 2340 1071 2395 referet
1090 2341 1265 2406 trucis
1290 2338 1469 2397 iucola
1497 2354 1696 2410 terrae:

266 2447 295 2475 α
315 2424 425 2479 Hic
446 2435 637 2480 suetus
661 2423 796 2478 dare
820 2425 944 2497 jura
969 2442 1176 2500 parens
1198 2447 1210 2479 ε
1234 2424 1344 2492 hoc
1363 2423 1577 2503 *cespite

485 2519 696 2564 turmas
764 2551 769 2554 -
930 2565 937 2574 ‚
1025 2523 1031 2530 ·

267 2589 490 2658 «Affari
512 2610 526 2647 τ
554 2591 746 2666 vigiles
769 2589 1027 2668 speculas
1044 2632 1062 2661 ‚
1093 2591 1432 2670 castellaque
1452 2594 1617 2670 longe

269 2702 297 2744 ᾳ
315 2674 638 2754 Prospicis‘?
663 2676 752 2744 ille
777 2674 938 2742 dedit
953 2717 970 2747 ,
997 2674 1283 2754 cinxitque
1297 2678 1429 2751 haec
1454 2680 1657 2747 moenia

485 2762 659 2819 fossa:

269 2871 296 2901 α
313 2848 600 2923 Belligeris
618 2847 738 2905 haec
759 2848 909 2914 dona
935 2847 1095 2917 Deis,
1124 2848 1245 2906 haec
1271 2847 1382 2905 tela
1407 2849 1652 2908 dicavit.'

197 2940 204 2947 ·
275 2944 302 2982 ς(
323 2922 522 2990 Cernis
544 2922 730 2979 adhuc
754 2921 945 2988 titulos
966 2941 981 2991 ;
1009 2922 1165 3008 laune
1187 2923 1312 3001 ipse
1332 2963 1349 2997 ,
1377 2924 1714 2998 vocantibus

492 3028 656 3080 arnus
680 3048 699 3082 ,
1507 3027 1515 3034 ·
