<?xml version="1.0" encoding="UTF-8"?>
<!DOCTYPE html PUBLIC "-//W3C//DTD XHTML 1.0 Transitional//EN"
    "http://www.w3.org/TR/xhtml1/DTD/xhtml1-transitional.dtd">
<html xmlns="http://www.w3.org/1999/xhtml" xml:lang="en" lang="en">
 <head>
  <title>
</title>
<meta http-equiv="Content-Type" content="text/html;charset=utf-8" />
  <meta name='ocr-system' content='tesseract 3.04.00' />
  <meta name='ocr-capabilities' content='ocr_page ocr_carea ocr_par ocr_line ocrx_word'/>
</head>
<body>
  <div class='ocr_page' id='page_1' title='image "./operaadoptimeed00statgoog/operaadoptimeed00statgoog_0202.png"; bbox 0 0 2079 3613; ppageno 0'>
   <div class='ocr_carea' id='block_1_1' title="bbox 279 232 1596 330">
    <p class='ocr_par' dir='ltr' id='par_1_1' title="bbox 279 232 1596 330">
     <span class='ocr_line' id='line_1_1' title="bbox 279 232 1596 330; baseline 0.005 -26"><span class='ocrx_word' id='word_1_1' title='bbox 279 232 434 328; x_wconf 77' lang='lat'><strong>176‘</strong></span> <span class='ocrx_word' id='word_1_2' title='bbox 587 250 1035 316; x_wconf 70' lang='grc' dir='ltr'><strong>ΤΗΕΒΑῙυοε,</strong></span> <span class='ocrx_word' id='word_1_3' title='bbox 1089 254 1232 303; x_wconf 76' lang='lat' dir='ltr'><strong>mn.</strong></span> <span class='ocrx_word' id='word_1_4' title='bbox 1286 256 1389 305; x_wconf 78' lang='lat' dir='ltr'><strong>vr.</strong></span> <span class='ocrx_word' id='word_1_5' title='bbox 1488 253 1596 330; x_wconf 80' lang='lat'><strong>839</strong></span> 
     </span>
    </p>
   </div>
   <div class='ocr_carea' id='block_1_2' title="bbox 233 348 1777 3075">
    <p class='ocr_par' dir='ltr' id='par_1_2' title="bbox 233 348 1777 3075">
     <span class='ocr_line' id='line_1_2' title="bbox 267 348 1728 427; baseline -0.001 -19"><span class='ocrx_word' id='word_1_6' title='bbox 267 355 569 426; x_wconf 86' lang='lat' dir='ltr'><strong>Insurgens</strong></span> <span class='ocrx_word' id='word_1_7' title='bbox 596 351 870 421; x_wconf 76' lang='lat' dir='ltr'><strong>humeriS‚</strong></span> <span class='ocrx_word' id='word_1_8' title='bbox 907 349 1196 406; x_wconf 87' lang='lat' dir='ltr'><strong>hominem</strong></span> <span class='ocrx_word' id='word_1_9' title='bbox 1229 368 1399 427; x_wconf 91' lang='lat' dir='ltr'><strong>super</strong></span> <span class='ocrx_word' id='word_1_10' title='bbox 1433 348 1728 427; x_wconf 84' lang='lat' dir='ltr'><strong>improbus</strong></span> 
     </span>
     <span class='ocr_line' id='line_1_3' title="bbox 478 441 609 500; baseline 0 -2"><span class='ocrx_word' id='word_1_11' title='bbox 478 441 609 500; x_wconf 83' lang='lat' dir='ltr'><strong>exit.</strong></span> 
     </span>
     <span class='ocr_line' id='line_1_4' title="bbox 269 524 1769 603; baseline -0.003 -17"><span class='ocrx_word' id='word_1_12' title='bbox 269 526 383 586; x_wconf 87' lang='lat' dir='ltr'><strong>Sed</strong></span> <span class='ocrx_word' id='word_1_13' title='bbox 399 547 513 583; x_wconf 90' lang='lat' dir='ltr'><strong>non</strong></span> <span class='ocrx_word' id='word_1_14' title='bbox 532 525 627 583; x_wconf 89' lang='lat' dir='ltr'><strong>ille</strong></span> <span class='ocrx_word' id='word_1_15' title='bbox 650 526 824 601; x_wconf 84' lang='lat' dir='ltr'><strong>rigor,</strong></span> <span class='ocrx_word' id='word_1_16' title='bbox 843 525 1197 603; x_wconf 83' lang='lat' dir='ltr'><strong>patriumque</strong></span> <span class='ocrx_word' id='word_1_17' title='bbox 1221 525 1279 582; x_wconf 87' lang='lat' dir='ltr'><strong>in</strong></span> <span class='ocrx_word' id='word_1_18' title='bbox 1301 545 1543 602; x_wconf 86' lang='lat' dir='ltr'><strong>corpore</strong></span> <span class='ocrx_word' id='word_1_19' title='bbox 1564 524 1769 583; x_wconf 75' lang='lat' dir='ltr'><strong>roburz</strong></span> 
     </span>
     <span class='ocr_line' id='line_1_5' title="bbox 267 610 1561 687; baseline -0.002 -19"><span class='ocrx_word' id='word_1_20' title='bbox 267 613 587 669; x_wconf 83' lang='lat' dir='ltr'><strong>Luxuriant</strong></span> <span class='ocrx_word' id='word_1_21' title='bbox 616 623 771 667; x_wconf 85' lang='lat' dir='ltr'><strong>artus</strong></span> <span class='ocrx_word' id='word_1_22' title='bbox 790 652 806 680; x_wconf 82' lang='lat'>‚</span> <span class='ocrx_word' id='word_1_23' title='bbox 832 610 1118 685; x_wconf 87' lang='lat' dir='ltr'><strong>effusaque</strong></span> <span class='ocrx_word' id='word_1_24' title='bbox 1140 612 1406 687; x_wconf 85' lang='lat' dir='ltr'><strong>sanguine</strong></span> <span class='ocrx_word' id='word_1_25' title='bbox 1433 613 1561 669; x_wconf 81' lang='lat' dir='ltr'><strong>laxo</strong></span> 
     </span>
     <span class='ocr_line' id='line_1_6' title="bbox 265 693 1736 770; baseline 0 -17"><span class='ocrx_word' id='word_1_26' title='bbox 265 698 522 754; x_wconf 87' lang='lat' dir='ltr'><strong>Membra</strong></span> <span class='ocrx_word' id='word_1_27' title='bbox 544 708 755 770; x_wconf 83' lang='lat' dir='ltr'><strong>natant.</strong></span> <span class='ocrx_word' id='word_1_28' title='bbox 784 693 925 752; x_wconf 88' lang='lat' dir='ltr'><strong>Inde</strong></span> <span class='ocrx_word' id='word_1_29' title='bbox 945 695 1065 763; x_wconf 69' lang='lat' dir='ltr'><strong>haec,</strong></span> <span class='ocrx_word' id='word_1_30' title='bbox 1087 695 1270 752; x_wconf 84' lang='lat' dir='ltr'><strong>audax</strong></span> <span class='ocrx_word' id='word_1_31' title='bbox 1289 695 1496 753; x_wconf 88' lang='lat' dir='ltr'><strong>fiducia</strong></span> <span class='ocrx_word' id='word_1_32' title='bbox 1514 708 1736 753; x_wconf 82' lang='lat' dir='ltr'><strong>tantum</strong></span> 
     </span>
     <span class='ocr_line' id='line_1_7' title="bbox 267 783 1772 863; baseline 0 -23"><span class='ocrx_word' id='word_1_33' title='bbox 267 784 505 840; x_wconf 80' lang='lat' dir='ltr'><strong>OEnidae</strong></span> <span class='ocrx_word' id='word_1_34' title='bbox 531 803 794 862; x_wconf 87' lang='lat' dir='ltr'><strong>superare</strong></span> <span class='ocrx_word' id='word_1_35' title='bbox 818 801 1056 858; x_wconf 71' lang='lat' dir='ltr'><strong>paremt</strong></span> <span class='ocrx_word' id='word_1_36' title='bbox 1085 803 1410 863; x_wconf 84' lang='lat' dir='ltr'><strong>quanquam</strong></span> <span class='ocrx_word' id='word_1_37' title='bbox 1438 784 1561 860; x_wconf 91' lang='lat' dir='ltr'><strong>ipse</strong></span> <span class='ocrx_word' id='word_1_38' title='bbox 1591 783 1772 841; x_wconf 82' lang='lat' dir='ltr'><strong>videri</strong></span> 
     </span>
     <span class='ocr_line' id='line_1_8' title="bbox 266 868 1705 946; baseline -0.001 -20"><span class='ocrx_word' id='word_1_39' title='bbox 266 871 519 946; x_wconf 85' lang='lat' dir='ltr'>Exiguus</span> <span class='ocrx_word' id='word_1_40' title='bbox 539 913 555 940; x_wconf 89' lang='lat'>,</span> <span class='ocrx_word' id='word_1_41' title='bbox 588 869 776 945; x_wconf 83' lang='lat' dir='ltr'><strong>gravia</strong></span> <span class='ocrx_word' id='word_1_42' title='bbox 805 887 926 925; x_wconf 91' lang='lat' dir='ltr'><strong>ossa</strong></span> <span class='ocrx_word' id='word_1_43' title='bbox 954 881 1172 939; x_wconf 80' lang='lat' dir='ltr'><strong>tamen,</strong></span> <span class='ocrx_word' id='word_1_44' title='bbox 1203 868 1482 944; x_wconf 90' lang='lat' dir='ltr'><strong>nodisque</strong></span> <span class='ocrx_word' id='word_1_45' title='bbox 1509 868 1705 927; x_wconf 85' lang='lat' dir='ltr'><strong>lacerti</strong></span> 
     </span>
     <span class='ocr_line' id='line_1_9' title="bbox 270 953 1613 1030; baseline 0.001 -18"><span class='ocrx_word' id='word_1_46' title='bbox 270 955 559 1012; x_wconf 78' lang='lat' dir='ltr'><strong>Difficiles·</strong></span> <span class='ocrx_word' id='word_1_47' title='bbox 597 957 901 1030; x_wconf 83' lang='lat' dir='ltr'><strong>Nunquam</strong></span> <span class='ocrx_word' id='word_1_48' title='bbox 932 955 1088 1010; x_wconf 89' lang='lat' dir='ltr'><strong>hunc</strong></span> <span class='ocrx_word' id='word_1_49' title='bbox 1127 953 1370 1015; x_wconf 89' lang='lat' dir='ltr'><strong>animum</strong></span> <span class='ocrx_word' id='word_1_50' title='bbox 1399 959 1613 1015; x_wconf 82' lang='lat' dir='ltr'><strong>Natura</strong></span> 
     </span>
     <span class='ocr_line' id='line_1_10' title="bbox 493 1040 693 1100; baseline -0.005 -3"><span class='ocrx_word' id='word_1_51' title='bbox 493 1040 693 1100; x_wconf 84' lang='lat' dir='ltr'><strong>minori</strong></span> 
     </span>
     <span class='ocr_line' id='line_1_11' title="bbox 272 1125 1673 1205; baseline -0.002 -18"><span class='ocrx_word' id='word_1_52' title='bbox 272 1131 552 1205; x_wconf 78' lang='lat' dir='ltr'>Corpore,</span> <span class='ocrx_word' id='word_1_53' title='bbox 572 1147 675 1186; x_wconf 88' lang='lat' dir='ltr'><strong>nec</strong></span> <span class='ocrx_word' id='word_1_54' title='bbox 703 1137 887 1183; x_wconf 87' lang='lat' dir='ltr'><strong>tantas</strong></span> <span class='ocrx_word' id='word_1_55' title='bbox 913 1147 1046 1184; x_wconf 85' lang='lat' dir='ltr'><strong>ausa</strong></span> <span class='ocrx_word' id='word_1_56' title='bbox 1073 1140 1157 1183; x_wconf 91' lang='lat' dir='ltr'><strong>est</strong></span> <span class='ocrx_word' id='word_1_57' title='bbox 1181 1125 1466 1184; x_wconf 84' lang='lat' dir='ltr'><strong>includere</strong></span> <span class='ocrx_word' id='word_1_58' title='bbox 1492 1127 1673 1184; x_wconf 72' lang='lat' dir='ltr'><strong>vires-⁸</strong></span> 
     </span>
     <span class='ocr_line' id='line_1_12' title="bbox 270 1213 1775 1295; baseline 0 -25"><span class='ocrx_word' id='word_1_59' title='bbox 270 1214 573 1290; x_wconf 89' lang='lat' dir='ltr'><strong>Postquam</strong></span> <span class='ocrx_word' id='word_1_60' title='bbox 594 1214 720 1269; x_wconf 90' lang='lat' dir='ltr'><strong>oleo</strong></span> <span class='ocrx_word' id='word_1_61' title='bbox 741 1213 928 1291; x_wconf 85' lang='lat' dir='ltr'><strong>gavisa</strong></span> <span class='ocrx_word' id='word_1_62' title='bbox 958 1213 1102 1269; x_wconf 86' lang='lat' dir='ltr'><strong>cutis</strong></span> <span class='ocrx_word' id='word_1_63' title='bbox 1118 1256 1133 1283; x_wconf 83' lang='lat'>‚</span> <span class='ocrx_word' id='word_1_64' title='bbox 1157 1215 1303 1291; x_wconf 87' lang='lat' dir='ltr'><strong>petit</strong></span> <span class='ocrx_word' id='word_1_65' title='bbox 1328 1233 1515 1290; x_wconf 81' lang='lat' dir='ltr'><strong>aequor</strong></span> <span class='ocrx_word' id='word_1_66' title='bbox 1540 1227 1775 1295; x_wconf 86' lang='lat' dir='ltr'><strong>uterque</strong></span> 
     </span>
     <span class='ocr_line' id='line_1_13' title="bbox 272 1298 1723 1375; baseline 0.001 -20"><span class='ocrx_word' id='word_1_67' title='bbox 272 1300 559 1355; x_wconf 84' lang='lat' dir='ltr'><strong>Procursu</strong></span> <span class='ocrx_word' id='word_1_68' title='bbox 576 1298 820 1354; x_wconf 88' lang='lat' dir='ltr'><strong>medium</strong></span> <span class='ocrx_word' id='word_1_69' title='bbox 834 1341 848 1367; x_wconf 89' lang='lat'>‚</span> <span class='ocrx_word' id='word_1_70' title='bbox 873 1312 1039 1375; x_wconf 83' lang='lat' dir='ltr'><strong>atque</strong></span> <span class='ocrx_word' id='word_1_71' title='bbox 1062 1298 1262 1355; x_wconf 89' lang='lat' dir='ltr'><strong>hausta</strong></span> <span class='ocrx_word' id='word_1_72' title='bbox 1280 1299 1516 1356; x_wconf 87' lang='lat' dir='ltr'><strong>vestitur</strong></span> <span class='ocrx_word' id='word_1_73' title='bbox 1537 1319 1723 1356; x_wconf 88' lang='lat' dir='ltr'><strong>arena.</strong></span> 
     </span>
     <span class='ocr_line' id='line_1_14' title="bbox 272 1382 1650 1459; baseline 0.002 -21"><span class='ocrx_word' id='word_1_74' title='bbox 272 1384 422 1438; x_wconf 88' lang='lat' dir='ltr'><strong>Tum</strong></span> <span class='ocrx_word' id='word_1_75' title='bbox 447 1382 702 1437; x_wconf 87' lang='lat' dir='ltr'><strong>madidos</strong></span> <span class='ocrx_word' id='word_1_76' title='bbox 729 1396 880 1437; x_wconf 90' lang='lat' dir='ltr'><strong>artus</strong></span> <span class='ocrx_word' id='word_1_77' title='bbox 906 1382 1121 1439; x_wconf 89' lang='lat' dir='ltr'><strong>alterno</strong></span> <span class='ocrx_word' id='word_1_78' title='bbox 1148 1383 1382 1459; x_wconf 86' lang='lat' dir='ltr'><strong>pulvere</strong></span> <span class='ocrx_word' id='word_1_79' title='bbox 1410 1384 1650 1456; x_wconf 84' lang='lat' dir='ltr'><strong>siccant,</strong></span> 
     </span>
     <span class='ocr_line' id='line_1_15' title="bbox 272 1466 1655 1541; baseline 0.003 -18"><span class='ocrx_word' id='word_1_80' title='bbox 272 1466 542 1541; x_wconf 75' lang='lat' dir='ltr'><strong>Collaque</strong></span> <span class='ocrx_word' id='word_1_81' title='bbox 571 1466 886 1528; x_wconf 85' lang='lat' dir='ltr'><strong>demersere</strong></span> <span class='ocrx_word' id='word_1_82' title='bbox 911 1467 1180 1536; x_wconf 55' lang='lat' dir='ltr'><strong>humerffi,</strong></span> <span class='ocrx_word' id='word_1_83' title='bbox 1205 1480 1262 1524; x_wconf 86' lang='lat' dir='ltr'><strong>et</strong></span> <span class='ocrx_word' id='word_1_84' title='bbox 1284 1467 1515 1524; x_wconf 87' lang='lat' dir='ltr'><strong>brachia</strong></span> <span class='ocrx_word' id='word_1_85' title='bbox 1543 1469 1655 1527; x_wconf 89' lang='lat' dir='ltr'><strong>late</strong></span> 
     </span>
     <span class='ocr_line' id='line_1_16' title="bbox 278 1552 1736 1632; baseline 0.003 -22"><span class='ocrx_word' id='word_1_86' title='bbox 278 1554 464 1610; x_wconf 87' lang='lat' dir='ltr'><strong>Curva</strong></span> <span class='ocrx_word' id='word_1_87' title='bbox 492 1566 709 1613; x_wconf 86' lang='lat' dir='ltr'><strong>tenent.</strong></span> <span class='ocrx_word' id='word_1_88' title='bbox 739 1556 866 1611; x_wconf 86' lang='lat' dir='ltr'><strong>Jam</strong></span> <span class='ocrx_word' id='word_1_89' title='bbox 894 1568 1024 1610; x_wconf 89' lang='lat' dir='ltr'><strong>tunc</strong></span> <span class='ocrx_word' id='word_1_90' title='bbox 1047 1567 1170 1611; x_wconf 87' lang='lat' dir='ltr'><strong>astu</strong></span> <span class='ocrx_word' id='word_1_91' title='bbox 1190 1552 1420 1610; x_wconf 81' lang='lat' dir='ltr'><strong>deducit</strong></span> <span class='ocrx_word' id='word_1_92' title='bbox 1438 1554 1494 1609; x_wconf 88' lang='lat' dir='ltr'><strong>in</strong></span> <span class='ocrx_word' id='word_1_93' title='bbox 1522 1575 1736 1632; x_wconf 86' lang='lat' dir='ltr'><strong>aequum</strong></span> 
     </span>
     <span class='ocr_line' id='line_1_17' title="bbox 273 1636 1707 1715; baseline 0.002 -22"><span class='ocrx_word' id='word_1_94' title='bbox 273 1637 549 1706; x_wconf 77' lang='lat' dir='ltr'><strong>Callidus,</strong></span> <span class='ocrx_word' id='word_1_95' title='bbox 571 1651 629 1695; x_wconf 90' lang='lat' dir='ltr'><strong>et</strong></span> <span class='ocrx_word' id='word_1_96' title='bbox 657 1637 863 1696; x_wconf 86' lang='lat' dir='ltr'><strong>celsum</strong></span> <span class='ocrx_word' id='word_1_97' title='bbox 888 1651 1200 1715; x_wconf 85' lang='lat' dir='ltr'><strong>procurvat</strong></span> <span class='ocrx_word' id='word_1_98' title='bbox 1219 1636 1455 1714; x_wconf 84' lang='lat' dir='ltr'><strong>Agyllea</strong></span> <span class='ocrx_word' id='word_1_99' title='bbox 1476 1641 1707 1715; x_wconf 82' lang='lat' dir='ltr'><strong>Tydeus</strong></span> 
     </span>
     <span class='ocr_line' id='line_1_18' title="bbox 273 1721 1616 1800; baseline 0.001 -20"><span class='ocrx_word' id='word_1_100' title='bbox 273 1724 605 1780; x_wconf 85' lang='lat' dir='ltr'><strong>Summissus</strong></span> <span class='ocrx_word' id='word_1_101' title='bbox 623 1737 779 1799; x_wconf 88' lang='lat' dir='ltr'><strong>tergo</strong></span> <span class='ocrx_word' id='word_1_102' title='bbox 796 1766 813 1794; x_wconf 83' lang='lat'>‚</span> <span class='ocrx_word' id='word_1_103' title='bbox 846 1737 904 1780; x_wconf 87' lang='lat' dir='ltr'><strong>ct</strong></span> <span class='ocrx_word' id='word_1_104' title='bbox 924 1723 1160 1800; x_wconf 84' lang='lat' dir='ltr'><strong>genibus</strong></span> <span class='ocrx_word' id='word_1_105' title='bbox 1180 1721 1398 1778; x_wconf 87' lang='lat' dir='ltr'><strong>vicinus</strong></span> <span class='ocrx_word' id='word_1_106' title='bbox 1418 1743 1616 1781; x_wconf 83' lang='lat' dir='ltr'><strong>arenae.</strong></span> 
     </span>
     <span class='ocr_line' id='line_1_19' title="bbox 272 1806 1547 1888; baseline 0.003 -23"><span class='ocrx_word' id='word_1_107' title='bbox 272 1806 376 1865; x_wconf 87' lang='lat' dir='ltr'><strong>Ille</strong></span> <span class='ocrx_word' id='word_1_108' title='bbox 396 1823 583 1867; x_wconf 89' lang='lat' dir='ltr'><strong>autem</strong></span> <span class='ocrx_word' id='word_1_109' title='bbox 608 1810 803 1888; x_wconf 82' lang='lat' dir='ltr'><strong>Alpini</strong></span> <span class='ocrx_word' id='word_1_110' title='bbox 830 1808 1008 1868; x_wconf 85' lang='lat' dir='ltr'><strong>veluti</strong></span> <span class='ocrx_word' id='word_1_111' title='bbox 1033 1809 1227 1885; x_wconf 84' lang='lat' dir='ltr'><strong>regina</strong></span> <span class='ocrx_word' id='word_1_112' title='bbox 1255 1828 1547 1885; x_wconf 87' lang='lat' dir='ltr'><strong>cupressus</strong></span> 
     </span>
     <span class='ocr_line' id='line_1_20' title="bbox 271 1892 1773 1971; baseline 0.002 -19"><span class='ocrx_word' id='word_1_113' title='bbox 271 1892 546 1962; x_wconf 69' lang='lat' dir='ltr'><strong>verticis,</strong></span> <span class='ocrx_word' id='word_1_114' title='bbox 574 1908 835 1971; x_wconf 85' lang='lat' dir='ltr'><strong>urgentes</strong></span> <span class='ocrx_word' id='word_1_115' title='bbox 862 1895 1146 1958; x_wconf 78' lang='lat' dir='ltr'><strong>cervicem</strong></span> <span class='ocrx_word' id='word_1_116' title='bbox 1172 1893 1407 1951; x_wconf 87' lang='lat' dir='ltr'><strong>inclinat</strong></span> <span class='ocrx_word' id='word_1_117' title='bbox 1427 1896 1488 1952; x_wconf 85' lang='lat' dir='ltr'><strong>in</strong></span> <span class='ocrx_word' id='word_1_118' title='bbox 1508 1896 1773 1969; x_wconf 77' lang='lat' dir='ltr'><strong>AustrbS,</strong></span> 
     </span>
     <span class='ocr_line' id='line_1_21' title="bbox 269 1978 1683 2057; baseline 0.003 -23"><span class='ocrx_word' id='word_1_119' title='bbox 269 1978 381 2037; x_wconf 83' lang='lat' dir='ltr'><strong>Vix</strong></span> <span class='ocrx_word' id='word_1_120' title='bbox 400 2000 521 2036; x_wconf 90' lang='lat' dir='ltr'><strong>sese</strong></span> <span class='ocrx_word' id='word_1_121' title='bbox 546 1980 738 2037; x_wconf 83' lang='lat' dir='ltr'><strong>radice</strong></span> <span class='ocrx_word' id='word_1_122' title='bbox 759 1993 958 2043; x_wconf 84' lang='lat' dir='ltr'><strong>tenens</strong></span> <span class='ocrx_word' id='word_1_123' title='bbox 975 2022 990 2047; x_wconf 95' lang='lat'>,</span> <span class='ocrx_word' id='word_1_124' title='bbox 1008 1992 1282 2055; x_wconf 86' lang='lat' dir='ltr'><strong>terraeque</strong></span> <span class='ocrx_word' id='word_1_125' title='bbox 1306 1981 1651 2057; x_wconf 87' lang='lat' dir='ltr'><strong>propinquat</strong></span> <span class='ocrx_word' id='word_1_126' title='bbox 1667 2025 1683 2054; x_wconf 84' lang='lat'>‚</span> 
     </span>
     <span class='ocr_line' id='line_1_22' title="bbox 267 2063 1730 2127; baseline 0.003 -8"><span class='ocrx_word' id='word_1_127' title='bbox 267 2064 308 2119; x_wconf 85' lang='lat' dir='ltr'><strong>J</strong></span> <span class='ocrx_word' id='word_1_128' title='bbox 311 2064 620 2127; x_wconf 82' lang='lat' dir='ltr'><strong>amdudum</strong></span> <span class='ocrx_word' id='word_1_129' title='bbox 636 2064 890 2120; x_wconf 86' lang='lat' dir='ltr'><strong>aetherias</strong></span> <span class='ocrx_word' id='word_1_130' title='bbox 917 2063 1114 2120; x_wconf 88' lang='lat' dir='ltr'><strong>eadem</strong></span> <span class='ocrx_word' id='word_1_131' title='bbox 1139 2065 1390 2122; x_wconf 84' lang='lat' dir='ltr'><strong>reditura</strong></span> <span class='ocrx_word' id='word_1_132' title='bbox 1413 2065 1514 2121; x_wconf 86' lang='lat' dir='ltr'><strong>sub</strong></span> <span class='ocrx_word' id='word_1_133' title='bbox 1539 2087 1730 2125; x_wconf 87' lang='lat' dir='ltr'><strong>auras:</strong></span> 
     </span>
     <span class='ocr_line' id='line_1_23' title="bbox 270 2148 1652 2229; baseline 0.004 -25"><span class='ocrx_word' id='word_1_134' title='bbox 270 2148 404 2204; x_wconf 79' lang='lat' dir='ltr'><strong>Non</strong></span> <span class='ocrx_word' id='word_1_135' title='bbox 429 2167 587 2211; x_wconf 85' lang='lat' dir='ltr'><strong>secus</strong></span> <span class='ocrx_word' id='word_1_136' title='bbox 610 2150 863 2225; x_wconf 89' lang='lat' dir='ltr'><strong>ingentes</strong></span> <span class='ocrx_word' id='word_1_137' title='bbox 887 2162 1037 2205; x_wconf 89' lang='lat' dir='ltr'><strong>artus</strong></span> <span class='ocrx_word' id='word_1_138' title='bbox 1063 2149 1362 2224; x_wconf 81' lang='lat' dir='ltr'><strong>praecelsus</strong></span> <span class='ocrx_word' id='word_1_139' title='bbox 1382 2152 1652 2229; x_wconf 83' lang='lat' dir='ltr'><strong>Agylleus</strong></span> 
     </span>
     <span class='ocr_line' id='line_1_24' title="bbox 270 2232 1727 2336; baseline 0.004 -49"><span class='ocrx_word' id='word_1_140' title='bbox 270 2232 487 2307; x_wconf 86' lang='lat' dir='ltr'><strong>Sponte</strong></span> <span class='ocrx_word' id='word_1_141' title='bbox 513 2234 746 2309; x_wconf 82' lang='lat' dir='ltr'><strong>premit,</strong></span> <span class='ocrx_word' id='word_1_142' title='bbox 775 2254 1124 2336; x_wconf 82' lang='lat' dir='ltr'><strong>parvumque</strong></span> <span class='ocrx_word' id='word_1_143' title='bbox 1151 2253 1378 2312; x_wconf 86' lang='lat' dir='ltr'><strong>gemens</strong></span> <span class='ocrx_word' id='word_1_144' title='bbox 1405 2238 1727 2315; x_wconf 88' lang='lat' dir='ltr'><strong>duplicatur</strong></span> 
     </span>
     <span class='ocr_line' id='line_1_25' title="bbox 490 2313 832 2374; baseline 0.01 -3"><span class='ocrx_word' id='word_1_145' title='bbox 490 2316 551 2371; x_wconf 84' lang='lat' dir='ltr'><strong>in</strong></span> <span class='ocrx_word' id='word_1_146' title='bbox 576 2313 832 2374; x_wconf 84' lang='lat' dir='ltr'><strong>hostem:</strong></span> 
     </span>
     <span class='ocr_line' id='line_1_26' title="bbox 266 2400 1767 2483; baseline 0.005 -26"><span class='ocrx_word' id='word_1_147' title='bbox 266 2400 373 2457; x_wconf 89' lang='lat' dir='ltr'><strong>Et</strong></span> <span class='ocrx_word' id='word_1_148' title='bbox 356 2421 471 2475; x_wconf 85' lang='lat' dir='ltr'><strong>Jam</strong></span> <span class='ocrx_word' id='word_1_149' title='bbox 490 2401 701 2459; x_wconf 87' lang='lat' dir='ltr'><strong>alterna</strong></span> <span class='ocrx_word' id='word_1_150' title='bbox 721 2423 936 2473; x_wconf 66' lang='lat' dir='ltr'><strong>manus,</strong></span> <span class='ocrx_word' id='word_1_151' title='bbox 957 2406 1310 2481; x_wconf 81' lang='lat' dir='ltr'><strong>frontemque</strong></span> <span class='ocrx_word' id='word_1_152' title='bbox 1328 2448 1344 2477; x_wconf 85' lang='lat'><strong>,</strong></span> <span class='ocrx_word' id='word_1_153' title='bbox 1365 2404 1736 2483; x_wconf 81' lang='lat' dir='ltr'><strong>humerosque</strong></span> <span class='ocrx_word' id='word_1_154' title='bbox 1749 2446 1767 2478; x_wconf 83' lang='lat'>,</span> 
     </span>
     <span class='ocr_line' id='line_1_27' title="bbox 490 2484 1481 2563; baseline 0.006 -23"><span class='ocrx_word' id='word_1_155' title='bbox 490 2484 774 2563; x_wconf 83' lang='lat' dir='ltr'><strong>latusque,</strong></span> <span class='ocrx_word' id='word_1_156' title='bbox 1425 2511 1430 2516; x_wconf 87' lang='lat'><strong>·</strong></span> <span class='ocrx_word' id='word_1_157' title='bbox 1476 2518 1481 2522; x_wconf 90' lang='grc'><em>·</em></span> 
     </span>
     <span class='ocr_line' id='line_1_28' title="bbox 233 2572 1768 2653; baseline 0.001 -24"><span class='ocrx_word' id='word_1_158' title='bbox 233 2585 240 2592; x_wconf 88' lang='grc'>’</span> <span class='ocrx_word' id='word_1_159' title='bbox 268 2572 539 2649; x_wconf 89' lang='lat' dir='ltr'><strong>Collaque</strong></span> <span class='ocrx_word' id='word_1_160' title='bbox 556 2616 572 2644; x_wconf 83' lang='lat'>‚</span> <span class='ocrx_word' id='word_1_161' title='bbox 604 2589 949 2653; x_wconf 87' lang='lat' dir='ltr'><strong>pectoraque</strong></span> <span class='ocrx_word' id='word_1_162' title='bbox 969 2618 984 2647; x_wconf 85' lang='lat'>‚</span> <span class='ocrx_word' id='word_1_163' title='bbox 1010 2590 1068 2634; x_wconf 89' lang='lat' dir='ltr'><strong>et</strong></span> <span class='ocrx_word' id='word_1_164' title='bbox 1089 2579 1321 2636; x_wconf 77' lang='lat' dir='ltr'><strong>vitantia</strong></span> <span class='ocrx_word' id='word_1_165' title='bbox 1351 2599 1512 2635; x_wconf 84' lang='lat' dir='ltr'><strong>crura</strong></span> <span class='ocrx_word' id='word_1_166' title='bbox 1532 2575 1768 2631; x_wconf 78' lang='lat' dir='ltr'><strong>lacessit.</strong></span> 
     </span>
     <span class='ocr_line' id='line_1_29' title="bbox 264 2658 1555 2739; baseline -0.001 -26"><span class='ocrx_word' id='word_1_167' title='bbox 264 2658 664 2732; x_wconf 84' lang='lat' dir='ltr'><strong>Interdumque</strong></span> <span class='ocrx_word' id='word_1_168' title='bbox 693 2661 790 2718; x_wconf 85' lang='lat' dir='ltr'><strong>diu</strong></span> <span class='ocrx_word' id='word_1_169' title='bbox 812 2662 1059 2739; x_wconf 88' lang='lat' dir='ltr'><strong>pendent</strong></span> <span class='ocrx_word' id='word_1_170' title='bbox 1085 2683 1189 2737; x_wconf 89' lang='lat' dir='ltr'><strong>per</strong></span> <span class='ocrx_word' id='word_1_171' title='bbox 1210 2674 1401 2717; x_wconf 89' lang='lat' dir='ltr'><strong>mutua</strong></span> <span class='ocrx_word' id='word_1_172' title='bbox 1427 2658 1555 2716; x_wconf 88' lang='lat' dir='ltr'><strong>fulti</strong></span> 
     </span>
     <span class='ocr_line' id='line_1_30' title="bbox 261 2741 1764 2819; baseline 0.001 -22"><span class='ocrx_word' id='word_1_173' title='bbox 261 2743 533 2800; x_wconf 81' lang='lat' dir='ltr'><strong>Brachia:</strong></span> <span class='ocrx_word' id='word_1_174' title='bbox 565 2766 712 2803; x_wconf 89' lang='lat' dir='ltr'><strong>nunc</strong></span> <span class='ocrx_word' id='word_1_175' title='bbox 743 2748 872 2803; x_wconf 86' lang='lat' dir='ltr'><strong>saevi</strong></span> <span class='ocrx_word' id='word_1_176' title='bbox 902 2745 1207 2817; x_wconf 85' lang='lat' dir='ltr'><strong>digitorum</strong></span> <span class='ocrx_word' id='word_1_177' title='bbox 1232 2741 1451 2799; x_wconf 87' lang='lat' dir='ltr'><strong>vincula</strong></span> <span class='ocrx_word' id='word_1_178' title='bbox 1483 2742 1764 2819; x_wconf 81' lang='lat' dir='ltr'><strong>frangunt.</strong></span> 
     </span>
     <span class='ocr_line' id='line_1_31' title="bbox 263 2826 1631 2903; baseline 0 -19"><span class='ocrx_word' id='word_1_179' title='bbox 263 2828 391 2884; x_wconf 88' lang='lat' dir='ltr'><strong>Non</strong></span> <span class='ocrx_word' id='word_1_180' title='bbox 410 2829 491 2884; x_wconf 84' lang='lat' dir='ltr'><strong>sic</strong></span> <span class='ocrx_word' id='word_1_181' title='bbox 517 2828 781 2894; x_wconf 88' lang='lat' dir='ltr'><strong>ductores</strong></span> <span class='ocrx_word' id='word_1_182' title='bbox 800 2826 1010 2903; x_wconf 56' lang='lat' dir='ltr'><strong>gemini*</strong></span> <span class='ocrx_word' id='word_1_183' title='bbox 1029 2826 1210 2903; x_wconf 82' lang='lat' dir='ltr'><strong>gregis</strong></span> <span class='ocrx_word' id='word_1_184' title='bbox 1228 2826 1459 2884; x_wconf 87' lang='lat' dir='ltr'><strong>horrida</strong></span> <span class='ocrx_word' id='word_1_185' title='bbox 1484 2829 1631 2884; x_wconf 86' lang='lat' dir='ltr'><strong>tauri</strong></span> 
     </span>
     <span class='ocr_line' id='line_1_32' title="bbox 262 2905 1765 2991; baseline 0.004 -26"><span class='ocrx_word' id='word_1_186' title='bbox 262 2905 410 2967; x_wconf 81' lang='lat' dir='ltr'><strong>Bella</strong></span> <span class='ocrx_word' id='word_1_187' title='bbox 443 2928 697 2971; x_wconf 86' lang='lat' dir='ltr'><strong>movent:</strong></span> <span class='ocrx_word' id='word_1_188' title='bbox 720 2912 912 2969; x_wconf 86' lang='lat' dir='ltr'><strong>medio</strong></span> <span class='ocrx_word' id='word_1_189' title='bbox 940 2912 1147 2986; x_wconf 81' lang='lat' dir='ltr'><strong>conjux</strong></span> <span class='ocrx_word' id='word_1_190' title='bbox 1167 2924 1276 2968; x_wconf 91' lang='lat' dir='ltr'><strong>stat</strong></span> <span class='ocrx_word' id='word_1_191' title='bbox 1302 2911 1550 2968; x_wconf 69' lang='lat' dir='ltr'><strong>candida⁴</strong></span> <span class='ocrx_word' id='word_1_192' title='bbox 1569 2928 1765 2991; x_wconf 80' lang='lat' dir='ltr'><strong>pratu,</strong></span> 
     </span>
     <span class='ocr_line' id='line_1_33' title="bbox 261 2994 1777 3075; baseline 0.003 -24"><span class='ocrx_word' id='word_1_193' title='bbox 261 2994 545 3070; x_wconf 52' lang='lat' dir='ltr'><strong>§lictorem</strong></span> <span class='ocrx_word' id='word_1_194' title='bbox 578 3008 940 3074; x_wconf 79' lang='lat' dir='ltr'><strong>exspectans:</strong></span> <span class='ocrx_word' id='word_1_195' title='bbox 975 3012 1248 3075; x_wconf 89' lang='lat' dir='ltr'><strong>rumpunt</strong></span> <span class='ocrx_word' id='word_1_196' title='bbox 1279 2997 1484 3057; x_wconf 78' lang='lat' dir='ltr'><strong>obnixa</strong></span> <span class='ocrx_word' id='word_1_197' title='bbox 1519 3000 1777 3059; x_wconf 79' lang='lat' dir='ltr'><strong>furentes</strong></span> 
     </span>
    </p>
   </div>
  </div>
 </body>
</html>
