2079 3613
501 272 612 345 2¹4
678 222 1148 327 ,sYLvAnme
1201 260 1343 311 ΜΒ.
1395 259 1474 307 v,
1658 239 1780 305 555

285 372 418 432 Non
441 371 672 445 vulgare
694 365 880 441 loqui,
911 374 970 419 et
992 362 1196 417 famam
1221 373 1448 432 sperare
1472 347 1750 429 sepulcrm

285 458 479 533 Qualis
502 473 624 515 eras
641 495 659 524 .,
687 453 874 509 Latios
901 447 1128 524 quoties
1156 460 1257 518 ego
1287 438 1537 497 carmine
1562 447 1755 513 patres

285 542 598 601 Mulcerem
621 581 636 609 ‚
661 537 902 613 felixque
931 534 1013 590 tui
1039 541 1327 609 spectator
1352 525 1575 582 adesses

289 627 570 684 Muneris!
601 625 712 681 heu
739 621 888 697 quali
920 617 1188 674 confusus
1210 610 1410 690 gaudia
1435 609 1596 675 fletu,

290 712 441 770 Vota
460 752 477 781 ,
505 710 741 787 piosque
763 718 945 761 metus
972 702 1150 767 inter,
1172 700 1469 767 laetumve
1494 681 1785 766 pudorem¹

291 800 469 870 Quam
496 807 624 851 tuus
648 791 742 847 ille
767 791 919 847 dies!
949 801 1120 863 quam
1139 779 1410 839 nonmihi
1431 774 1607 851 gloria

501 878 715 950 major!

286 964 438 1020 Talis
467 959 798 1037 Olympiaca
827 957 1081 1025 iuvenem
1104 971 1229 1008 cum
1256 956 1471 1024 spectat
1498 960 1668 1000 arena

289 1046 399 1120 Qui
425 1043 653 1120 genuit,
685 1041 810 1118 plus
834 1040 954 1112 ipse
979 1038 1108 1092 ferit
1125 1077 1141 1104 ‚
1171 1036 1297 1113 plus
1324 1032 1495 1095 corde
1516 1028 1618 1084 sub
1642 1024 1754 1081 alto

290 1130 538 1189 Caeditur
567 1146 580 1182 ε
611 1124 906 1182 attendunt
935 1123 1130 1190 cunei3
1160 1128 1449 1194 spectatur
1486 1111 1723 1168 athletes

292 1216 393 1274 Ille
419 1215 598 1290 magis
614 1254 631 1283 ‚
659 1211 858 1268 crebro
886 1208 1022 1263 dum
1046 1205 1256 1262 lumina
1282 1195 1527 1278 pulveris
1545 1195 1748 1250 haustu

293 1300 534 1368 Obruit,
561 1312 615 1355 et
644 1316 846 1374 prensa
873 1303 1041 1351 vovet
1066 1288 1325 1365 expirare
1352 1303 1579 1340 corona.

204 1379 215 1393 ’
293 1385 403 1442 Hei
429 1383 596 1440 mihi!
628 1384 784 1460 quod
812 1393 1024 1438 tantum
1052 1375 1263 1452 patrias
1289 1391 1392 1449 ego
1421 1367 1627 1428 vertice

517 1468 750 1528 frondes
771 1504 790 1537 ‚

292 1557 535 1633 Solaque
559 1551 899 1611 Chalcidicae
922 1543 1172 1604 Cerealia
1198 1539 1346 1599 dona
1369 1558 1591 1596 coronae

294 1639 508 1696 Te'sub
530 1649 672 1692 teste
698 1634 797 1690 tuli
820 1638 833 1690 Ξ
865 1628 1088 1707 qualem
1114 1639 1172 1684 te
1197 1624 1491 1681 Dardanus
1515 1621 1671 1703 Albae
1767 1692 1768 1697 Ἰ

295 1724 411 1783 Vix
437 1722 676 1799 cepisset
701 1738 862 1794 ager,
891 1717 938 1770 si
966 1733 1073 1789 per
1097 1731 1185 1768 me
1212 1721 1358 1766 serta
1384 1706 1604 1764 tulisses

294 1813 549 1868 Caesarea
569 1810 778 1865 donata
804 1805 1002 1858 manu!
1032 1797 1189 1876 quod
1211 1793 1450 1853 subdere
1476 1793 1649 1851 robur

293 1894 398 1952 Illa
425 1894 546 1951 dies
563 1934 579 1963 ‚
607 1902 878 1968 quantum
899 1885 1086 1965 potuit
1110 1882 1419 1959 dempsisse
1444 1874 1726 1938 senectae‘t'

292 1983 436 2035 Nam
462 1975 617 2054 quod
636 1996 723 2032 me
750 1974 925 2031 mixta
947 1990 1183 2048 quercus
1207 1988 1324 2025 non
1349 1965 1556 2045 pressit
1578 1961 1721 2023 oliva
1737 2004 1756 2037 ,

295 2067 370 2120 Et
395 2061 540 2138 fugit
565 2071 818 2137 speratus
839 2055 1018 2113 honos
1035 2096 1055 2126 ‚
1083 2074 1211 2111 cum
1237 2057 1408 2108 lustra
1431 2049 1686 2129 parentis

295 2146 502 2204 Invida
527 2144 757 2220 Tarpeii
784 2162 1048 2199 canerem
1067 2181 1084 2211 ‚
1129 2153 1184 2198 te
1211 2150 1406 2195 nostra
1430 2135 1695 2213 magistro

294 2230 543 2290 Thebais
567 2234 804 2305 urgebat
830 2228 1144 2302 priscorum
1165 2224 1397 2282 exordia
1419 2234 1644 2280 vatum:

297 2323 387 2375 Tu
409 2330 605 2374 cantus
629 2314 914 2370 stimulare
940 2331 1097 2368 meos
1113 2351 1132 2381 ‚
1160 2310 1496 2385 tQpandere
1521 2308 1672 2364 sacta

291 2407 545 2460 Heroum
568 2440 585 2469 ‚
613 2395 857 2471 bellique
883 2394 1080 2449 modos
1096 2433 1115 2463 ,
1142 2393 1470 2469 positusque
1492 2392 1745 2445 locorum

292 2480 668 2544 Monstrabas.
693 2479 874 2537 Labat
903 2477 1119 2533 incerto
1146 2475 1283 2532 mihi
1307 2475 1481 2532 limite
1508 2492 1703 2532 cursus
1722 2512 1739 2543 ‚

290 2575 374 2628 Te
401 2570 548 2637 sine,
580 2579 637 2624 et
662 2564 868 2623 orbatae
895 2561 1140 2638 caligant
1163 2561 1287 2618 vela
1319 2555 1540 2617 carinae.

371 2656 496 2712 Nec
523 2652 700 2709 solum
724 2649 876 2726 larga
896 2659 1101 2703 memet
1125 2646 1337 2721 pictate
1362 2645 1626 2715 fovebas;

296 2740 451 2818 Talis
479 2737 616 2795 etin
646 2734 938 2792 thalamos.
971 2735 1100 2787 Una
1127 2730 1226 2787 tibi
1250 2729 1468 2805 cognita
1495 2727 1639 2785 taeda

291 2821 620 2891 Connubia,
648 2839 795 2877 unus
822 2837 993 2891 amor.
1017 2818 1190 2873 Certe
1216 2817 1502 2891 sejungere
1528 2823 1757 2869 matrem

296 2910 422 2963 Jam
447 2906 642 2983 gelidis
663 2924 885 2980 nequeo
911 2902 1124 2969 bustis;
1153 2914 1206 2956 te
1232 2899 1400 2955 sentit
1422 2896 1705 2970 habetque
1724 2935 1743 2965 ‚

296 2996 380 3054 Te
412 2993 594 3067 videt,
625 3006 679 3050 et
711 2991 954 3049 tumulos
979 3000 1217 3064 ortuque
1247 2985 1518 3060 obituque
1540 2980 1744 3039 salutat
1769 2999 1791 3055 ,ς
