2079 3613
287 347 366 405 '52
594 356 1035 419 ΤΗΕΒΑΙΒοε,
1091 358 1235 407 LIB.
1289 360 1370 408 11.
1468 361 1535 434 87

279 456 573 529 Spargere,
603 466 661 509 et
679 454 964 509 immerito
991 453 1274 515 sociorum
1297 457 1557 532 sanguine
1576 458 1696 514 suso

278 546 594 603 Instaurare
623 546 805 614 diem,
836 547 1114 622 festasque
1141 568 1414 626 reponere
1444 570 1681 607 mensas.

276 639 401 693 Nox
422 657 486 705 ea
509 679 525 708 .‚
557 658 689 695 cum
715 638 888 694 tacita
914 638 1144 696 volucer
1165 640 1444 717 Cyllenius
1467 663 1603 698 aura

274 730 436 805 Regis
456 729 720 797 Echionii
740 730 928 787 stratis
947 730 1214 809 allapsus.,
1244 735 1340 789 ubi
1360 734 1560 808 ingens

272 824 797 902 FuderatAssyriis
824 839 1104 883 exstructa
1129 829 1412 905 tapetibus
1438 827 1550 883 alto

277 915 533 973 Membra
553 929 697 974 toro,
723 917 903 974 Proh!
929 939 1099 994 gnara
1123 920 1267 976 nihil
1290 919 1545 975 mortalia
1567 920 1671 976 sati

279 1009 470 1065 Corda
498 1011 580 1067 sui
603 1011 614 1066 !
645 1012 797 1088 capit
820 1010 910 1069 ille
936 1011 1137 1089 dapes,
1168 1013 1343 1069 habet
1364 1012 1456 1068 ille
1484 1020 1776 1090 soporem!

351 1107 513 1159 Tunc
532 1104 717 1160 senior
735 1125 858 1183 quae
878 1107 1057 1182 jussus
1078 1106 1223 1184 agit:
1252 1124 1363 1160 neu
1387 1104 1522 1162 falsa
1541 1106 1723 1163 videri

254 1252 257 1253 γ
280 1193 478 1250 Noctis
501 1193 684 1269 imago
705 1208 893 1270 queat,
926 1195 1160 1274 longaevi
1179 1192 1321 1252 vatis
1346 1215 1554 1272 opacos

278 1286 509 1342 Tiresiae
535 1293 722 1345 vultus
739 1330 754 1358 ,
782 1278 1122 1367 vocemque,
1151 1300 1207 1346 et
1231 1286 1441 1345 vellera
1465 1302 1600 1345 nota

278 1379 562 1436 Induitur.
595 1386 851 1439 Mansere
876 1404 1076 1451 comte,
1103 1401 1469 1458 propexaque
1493 1397 1680 1441 mento

282 1463 531 1520 Canities
549 1507 563 1536 ‚
592 1464 883 1546 pallorque
911 1489 1066 1525 suus,
1093 1465 1205 1522 Sed
1229 1466 1367 1523 salsa
1396 1471 1643 1527 cucurrit

281 1551 462 1608 Insula
488 1574 596 1630 per
615 1556 823 1626 crines,
856 1556 1180 1633 glaucaeque
1208 1552 1437 1612 innexus
1461 1556 1620 1615 olivae

275 1638 557 1698 Vittarum
579 1645 840 1719 provenit
858 1642 1059 1698 honos.
1077 1638 1298 1695 Dehinc
1319 1654 1542 1718 tangere
1570 1663 1726 1698 ramo

276 1731 511 1787 Pectora
526 1774 541 1803 .,
566 1746 622 1790 et
641 1734 740 1791 has
760 1735 910 1792 visus
930 1734 1203 1786 Fatorum
1225 1753 1549 1811 expromere
1579 1753 1772 1790 voces:

309 1856 314 1860 -
357 1841 386 1871 κ
406 1822 740 1894 Non-somni
773 1819 874 1876 tibi
902 1829 1124 1893 tempus
1149 1818 1323 1889 iners,
1352 1819 1451 1895 qui
1480 1833 1646 1875 nocte
1672 1819 1774 1877 sub

425 1919 532 1975 alta

280 2031 308 2060 ι(
329 2008 590 2065 Germani
615 2026 807 2064 secure
835 2006 987 2081 jaces
1016 2006 1028 2061 !
1062 2007 1308 2081 ingentia
1340 2006 1550 2063 dudum

279 2116 307 2144 α
328 2094 471 2151 Acta
493 2104 720 2160 vocant,
737 2109 1036 2164 rerumque
1060 2110 1278 2166 grave5‚
1293 2091 1507 2165 ignave,
1526 2105 1771 2167 paratus.

277 2202 306 2230 κ
328 2180 446 2247 Tu,
476 2178 652 2235 veluti
672 2194 931 2249 magnum
955 2175 998 2229 si
1015 2178 1130 2250 jam
1153 2174 1469 2232 tollentibus
1481 2177 1704 2232 Austris

277 2287 303 2316 κ
325 2267 548 2321 Ionium
574 2264 730 2337 nigra
757 2261 934 2332 jaceat
961 2261 1064 2315 sub
1089 2260 1237 2317 nube
1255 2264 1513 2338 magister
1530 2304 1546 2331 ‚

276 2372 304 2401 κ
323 2352 627 2405 Immemor
649 2364 948 2412 armorum,
971 2347 1349 2424 versantisque
1368 2367 1593 2423 aequora
1606 2345 1768 2417 clavi,

275 2458 301 2486 α
323 2432 644 2491 Cunctaris:
664 2431 886 2504 jamque
900 2429 988 2487 ille
1003 2433 1160 2499 novis
1173 2431 1297 2510 (scit
1314 2431 1482 2508 fama)
1498 2430 1774 2506 superbus

272 2543 302 2572 κ
324 2515 659 2583 Connubiis,
679 2513 938 2590 viresque
953 2525 1137 2592 parat,
1154 2518 1281 2593 quis
1299 2535 1470 2592 regna
1491 2528 1766 2591 capessat,

271 2628 299 2658 α
322 2606 460 2678 Quis
476 2609 643 2675 neget
658 2618 673 2670 ;
689 2599 852 2675 inque
874 2614 965 2658 tua
983 2606 1197 2660 senium
1218 2603 1324 2658 sibi
1345 2601 1591 2657 destinat
1618 2601 1765 2658 aula.

272 2716 298 2744 α
321 2695 471 2743 Dant
498 2684 707 2739 animos
731 2705 885 2743 socer
908 2690 1143 2765 augurio
1172 2686 1358 2742 fatalis
1385 2683 1660 2739 Adrastus
1676 2727 1692 2756 ‚

272 2800 301 2827 ar
325 2773 662 2843 Dotalesque
694 2771 824 2846 Argi
860 2790 871 2826 :
902 2795 1005 2831 nee
1034 2794 1152 2828 non
1175 2771 1237 2834 in
1261 2768 1476 2824 foedera
1500 2768 1624 2825 vitae

270 2885 299 2912 «
322 2855 574 2913 Pollutus
596 2853 802 2930 placuit
826 2860 1079 2916 fraterno
1108 2852 1381 2928 sanguine
1406 2852 1656 2928 Tydeus·
1681 2903 1686 2910 .

271 2968 299 2995 α
321 2940 468 2996 Hinc
494 2952 699 3012 tumor,
723 2956 777 2999 et
801 2943 999 3018 longus
1023 2940 1186 2999 fratri
1220 2938 1563 3013 promitteris
1587 2941 1761 2997 exsul.

181 3033 192 3042 “
270 3053 300 3080 κ
321 3029 452 3103 Ipse
479 3033 650 3085 Deum
675 3029 898 3104 genitor
925 3027 1028 3083 tibi
1061 3046 1150 3081 me
1185 3024 1476 3081 miseratus
1504 3024 1574 3078 ab
1600 3024 1712 3083 alto

271 3135 298 3164 κ
320 3112 484 3170 Mittit
504 3112 676 3171 :habe
698 3113 942 3182 Thebas,
962 3130 1280 3187 caecumque
1301 3110 1563 3186 cupidine
1578 3111 1763 3190 regni,
