2079 3613
232 270 1748 328 ω

338 363 1564 603 ,ΞῩινΑΒυΜ,

407 656 819 780 LIBER
899 636 1550 739 TERTHJS.

478 972 888 1030 STATIUS
943 969 1278 1028 POLLIO
1336 970 1503 1026 SUO

801 1099 1166 1156 stturtn.

233 1295 396 1376 Tun
431 1328 616 1385 certe,
651 1315 788 1371 Polli
827 1313 1186 1383 dulcissime,
1213 1324 1269 1369 et
1308 1311 1413 1370 hac
1435 1354 1452 1383 ,
1492 1314 1583 1370 cui
1623 1328 1738 1372 tam

230 1402 468 1462 fideliter
495 1401 775 1470 adhaeres,
807 1401 999 1476 quiete
1019 1399 1377 1476 dignissime,
1406 1419 1525 1456 non
1550 1400 1735 1459 babeo

222 1484 572 1566 probandam
596 1483 695 1540 diu
722 1483 1043 1541 libellorum
1082 1486 1317 1554 istorum
1345 1483 1725 1545 celeritatem.

230 1594 358 1630 cum
399 1571 541 1629 scias
573 1562 801 1627 multos
812 1592 880 1627 ex
913 1568 1074 1625 illis·
1059 1591 1116 1625 m
1140 1571 1262 1626 sinu
1291 1585 1387 1627 tuo
1425 1570 1606 1627 subito
1638 1594 1739 1628 na-

232 1670 356 1726 tos,
392 1669 449 1717 et
497 1655 643 1712 hanc
678 1655 970 1732 audaciam
1022 1655 1131 1712 stili
1174 1656 1350 1711 nost1i
1402 1657 1737 1733 frequenter

232 1759 546 1820 expaveaS‚
588 1741 811 1817 quoties
850 1740 907 1796 in
944 1739 1093 1797 illius
1123 1740 1395 1798 sacundiae
1432 1754 1538 1797 tuae
1567 1763 1737 1819 pene-

196 1827 372 1884 strale
403 1825 704 1897 seducam,
737 1826 897 1882 altius
925 1827 1140 1883 litteras
1166 1826 1360 1893 inti-,o
1375 1840 1440 1882 et
1465 1826 1518 1882 in
1545 1847 1736 1888 omnes

232 1933 265 1969 a
289 1926 342 1969 te
369 1911 583 1968 studim
587 1933 676 1965 um
711 1910 860 1968 sinus
887 1911 1087 1967 duem.

301 1999 544 2052 Securus
568 1996 752 2071 itaque
780 1996 976 2052 tertius
1000 1995 1095 2050 hic
1120 1995 1393 2052 Silvarum
1416 2011 1734 2054 nostrarum

229 2083 370 2137 liber
397 2082 466 2136 ad
497 2096 549 2137 te
586 2083 846 2137 mittitur.
872 2081 1156 2137 Habuerat
1184 2081 1413 2156 quidem
1453 2097 1509 2139 et
1537 2104 1736 2139 secun-

232 2168 335 2223 dus
360 2178 556 2222 testem
584 2186 597 2235 3
628 2167 726 2221 sed
764 2167 859 2222 hic
898 2166 1069 2223 habet
1121 2179 1421 2223 auctorem.
1452 2169 1595 2223 Nam
1620 2172 1737 2244 pri-

230 2272 382 2307 mum
421 2252 590 2307 limen
638 2254 758 2325 ejus
800 2249 1074 2306 Hercules
1119 2250 1481 2307 Surrentinus
1507 2254 1732 2327 aperit,

236 2358 402 2410 quem
431 2337 489 2392 in
521 2336 710 2392 littore
744 2348 840 2391 tuo
880 2347 1302 2404 consecratum,
1337 2336 1518 2390 statim
1555 2349 1618 2392 ut
1646 2339 1735 2394 vi-

232 2424 420 2479 deram
442 2464 459 2492 ‚
494 2422 581 2477 his
613 2420 864 2477 versibus
900 2418 1149 2474 adoravi.
1183 2420 1445 2494 Sequitur
1471 2420 1686 2480 libellus
1713 2463 1733 2494 ,

231 2526 344 2582 quo
380 2505 888 2582 splendidissimum
913 2518 967 2559 et
994 2503 1128 2557 mihi
1163 2504 1624 2576 jucundissimum
1649 2509 1738 2583 ju-

187 2602 459 2656 'venem‚
501 2590 732 2646 Metium
767 2588 1064 2655 Celerem,
1098 2608 1127 2641 a
1162 2589 1529 2650 sacratissimo
1555 2592 1741 2666 impe·

227 2688 412 2734 ratore
435 2675 657 2730 missum
687 2674 758 2729 ad
779 2673 1051 2748 legionem
1082 2670 1364 2751 Syriacam
1388 2716 1403 2742 ,
1426 2675 1554 2749 quia
1579 2675 1736 2751 sequi

229 2780 346 2815 non
376 2772 630 2834 poteram
654 2801 668 2827 ‚
697 2758 772 2815 sic
807 2771 1138 2834 prosecutus
1164 2778 1305 2813 sum.
1334 2761 1656 2815 Merebatur
1683 2773 1737 2815 et

230 2842 451 2899 Claudii
493 2844 709 2899 Etrusci
765 2844 871 2897 mei
921 2842 1107 2917 pietas
1152 2841 1381 2919 aliquod
1423 2864 1493 2901 ex
1545 2843 1738 2899 studiis

226 2929 437 2988 nostris
486 2929 745 2985 solatium
771 2971 786 2998 ,
827 2949 951 2983 cum
990 2927 1201 3002 lugeret
1240 2930 1417 2997 veris,
1452 2929 1606 3003 quod
1641 2949 1737 2998 ra·
1811 2937 1816 2941 ’

226 3013 500 3073 tissimum
533 3027 651 3079 est,
691 3012 954 3091 lacrymis
1004 3031 1196 3069 senem
1225 3024 1466 3088 patrem.
1497 3010 1736 3068 Earinus
