2079 3613
305 279 433 338 338
574 261 1016 355 THEBAIDos,
1068 291 1211 340 mn.
1264 294 1370 342 x1.
1477 295 1587 366 435
1639 301 1646 318 ι
1701 314 1706 320 -

306 409 334 438 κ
356 383 704 441 δοΙιιεῚΙιεὼε.
728 408 757 437 >>
790 385 924 444 Non
945 386 1115 444 verba
1139 388 1314 465 magis
1342 392 1633 450 suadentia

527 471 794 546 frangunt

286 558 576 617 ‚Accensos
590 597 603 622 ,
632 554 979 631 sumptisque
1000 557 1173 613 semel
1190 560 1484 617 conatibus
1508 563 1762 638 obstant,

296 646 478 716 Quam
503 641 608 716 Scy
618 640 746 708 thas,
771 642 1019 699 'curvatis
1046 655 1263 700 erectus
1285 645 1546 706 fluctibus
1567 691 1583 721 ,

504 744 751 800 unquam

206 856 213 864 .
292 814 504 868 Pontus
531 812 795 887 Cyaneos
818 811 998 868 vetuit
1021 831 1356 869 concurrere
1382 831 1622 878 montes,

364 900 442 950 Ut
459 894 694 970 periisse
709 915 925 971 preces,
958 897 1326 972 geminosque
1346 898 1419 953 ad
1435 902 1624 976 praelia
1643 904 1796 963 fusos

288 981 523 1056 Pulvere
551 979 884 1057 cornipedes
901 1025 916 1051 ‚
947 983 1344 1059 explorarique
1369 986 1655 1045 furentum

288 1071 357 1122 In
386 1065 575 1142 digitis
598 1079 817 1123 amenta
839 1066 993 1125 videt
1005 1087 1027 1137 ’,
1058 1068 1199 1143 fugit
1219 1110 1233 1134 ‚
1261 1071 1446 1125 omnia
1464 1071 1754 1150 linquens,
1822 1117 1825 1122 -

286 1156 510 1222 Castra,
542 1153 694 1209 viros
711 1196 726 1221 ,
753 1173 1016 1229 generum
1034 1153 1309 1222 ‚vThebas
1331 1172 1346 1225 3
1372 1175 1437 1211 ac
1456 1157 1571 1213 sata

490 1251 814 1293 monentem
1112 1252 1117 1257 ’

280 1328 746 1404 conversumque
771 1324 903 1395 jugo
930 1319 1200 1395 propellit
1225 1322 1458 1380 Ariona.
1487 1326 1678 1399 Qualis
1706 1337 1709 1342 ”

276 1408 565 1464 Demissus
593 1424 763 1461 curru
782 1448 796 1475 ,
825 1404 974 1460 laevae
999 1416 1127 1479 post
1149 1406 1377 1480 praemia
1404 1411 1598 1481 sortiS,

206 1497 208 1499 ’
274 1494 613 1549 Umbrarum
638 1503 847 1559 cust05,
877 1489 1183 1566 mundique
1209 1493 1542 1551 novissimus
1565 1496 1747 1556 haeres

271 1575 506 1645 Palluit,
538 1575 738 1630 amisso
766 1574 1001 1631 veniens
1026 1574 1083 1630 in
1110 1579 1344 1632 Tartara
1371 1576 1530 1636 coelo.

345 1662 478 1719 Non
499 1673 686 1722 tamen
709 1660 942 1717 indulsit
963 1680 1161 1737 pugnae
1176 1704 1190 1730 ,
1219 1675 1589 1742 cunctataque

490 1765 674 1822 primo

263 1833 523 1896 Substitit
544 1831 603 1888 in
624 1830 831 1889 scelere
848 1874 864 1904 ‚
893 1844 946 1889 et
971 1831 1201 1911 paulum
1227 1834 1454 1891 fortuna
1476 1841 1712 1898 morata*

480 1930 585 1974 est.
1031 1944 1036 1948 ·

201 2075 205 2079 .
255 2010 348 2065 Bis
377 2024 543 2063 cassae
564 2003 782 2081 periere
801 2005 934 2061 viae:
962 2005 1049 2060 bis
1069 2005 1321 2062 cominus
1345 2021 1498 2066 actos

253 2091 471 2150 Avertit
492 2087 671 2144 bonus
694 2107 853 2142 error
887 2104 1093 2162 equos;
1123 2089 1652 2164 puraeque-‘nefandi

248 2174 540 2251 Sanguinis
565 2169 805 2245 obliquis
832 2172 1165 2228 cecideruut
1191 2173 1393 2230 ictibus
1420 2176 1610 2237 hastae.

245 2258 517 2317 Tendunt
542 2256 697 2311 frena
723 2274 895 2310 manu
912 2297 927 2324 ,
953 2268 1011 2310 et
1036 2257 1195 2313 saevis
1222 2256 1529 2318 calcaribus
1554 2282 1759 2343 urgent

243 2344 586 2402 Immeritos.
614 2343 804 2398 Movet
827 2355 883 2398 et
908 2343 1152 2418 geminas
1178 2346 1492 2404 miserabile
1521 2350 1716 2411 divum

237 2432 564 2508 Prodigium
584 2441 798 2484 turmas
816 2467 839 2497 ,
863 2429 1189 2506 alternaque
1211 2444 1495 2491 murmura
1515 2438 1754 2498 volvunt

235 2520 590 2574 Mussantes:
620 2512 820 2570 iterare
844 2513 1021 2570 aciem
1041 2557 1053 2580 ‚
1079 2535 1414 2592 procurrere
1442 2539 1588 2597 saepe

232 2605 489 2679 Impetus
509 2643 524 2668 ‚
556 2610 612 2656 et
637 2611 817 2655 totum
836 2599 1052 2657 miseris
1079 2622 1370 2679 opponere
1398 2604 1629 2663 bellum.

249 2730 252 2735 .
303 2689 337 2743 J
344 2685 650 2742 amdudum
676 2686 840 2743 terris
868 2699 1128 2761 coetuque
1155 2687 1363 2745 offensa
1386 2691 1635 2746 Deorum

230 2781 446 2832 Aversa
465 2773 587 2830 coeli
611 2771 791 2827 Pietas
815 2773 875 2827 in
899 2785 1064 2849 parte
1093 2773 1346 2831 sedebat.

222 2867 353 2919 Non
376 2861 575 2917 habitu
592 2903 607 2929 ‚
638 2879 751 2934 quo
776 2872 908 2915 nota
936 2860 1092 2934 prius
1110 2901 1125 2929 ‚
1153 2880 1265 2916 non
1293 2880 1388 2916 ore
1411 2879 1640 2917 sereno:

219 2948 333 3004 Sed
356 2946 514 3003 vittis
542 2957 708 3000 exuta
728 2964 942 2999 comam
959 2984 974 3012 ‚
1002 2946 1367 3019 fraternaque
1395 2943 1540 3000 bella
1561 2986 1579 3014 ‚

222 3033 343 3089 Ceu
366 3050 527 3087 soror
550 3027 1122 3106 infelixfpugnantfim
1142 3072 1157 3103 ‚
1187 3042 1282 3085 aut
1307 3029 1469 3087 anxia
1496 3043 1675 3088 mater
1708 3073 1725 3101 ‚
