2079 3613
318 317 488 390 124
602 313 1093 390 ‘THEBAIDOS,
1146 329 1288 377 Lm.
1344 331 1416 379 v.
1516 338 1622 402 243

308 448 338 477 ι(
356 422 508 480 Urbe
526 420 754 501 domus)
776 424 1023 498 quinam
1026 424 1334 510 strepitus?
1358 447 1481 503 quae
1512 449 1636 488 mm
1638 453 1764 491 mun
1767 458 1795 493 a

521 508 737 564 noctis
721 506 748 546 Ῥ

304 624 333 654 α
354 600 471 657 Cur
494 597 861 655 fremebunda
887 601 1086 677 quies?
1107 604 1324 679 trepido
1351 605 1532 665 scelus
1558 613 1759 669 ordine

517 687 722 761 pande.

297 796 327 827 α
347 772 489 846 Quis
518 768 723 826 dolor?
757 771 905 827 unde
944 772 1110 828 animi
1133 771 1161 830 ⁶?
1183 775 1372 837 ——Vis
1410 779 1561 836 nulla
1601 802 1792 840 arcere

522 857 615 911 fui
616 868 798 913 entes

223 961 228 972 ·
297 966 326 997 κ
344 942 472 997 Hac
485 960 735 1017 sequere,
750 941 1129 999 omiserande'
1146 945 1420 1015 premunt,
1434 949 1785 1029 adeluntque

514 1027 781 1098 moranti,

294 1137 324 1169 ι(
344 1117 417 1171 Et
441 1133 658 1169 mecum
681 1115 915 1168 sortasse
941 1113 1139 1170 cades!
1173 1117 1276 1171 His
1300 1129 1514 1188 motus7
1551 1133 1608 1176 et
1636 1121 1787 1181 artus

288 1221 319 1252 α
338 1198 530 1254 Erexit
554 1196 757 1252 stratis.
784 1194 1033 1250 Ferimur
1056 1217 1162 1273 per
1189 1197 1349 1256 devia
1379 1214 1549 1258 vastae

287 1307 321 1338 τι
339 1280 527 1350 Urbis,
546 1279 643 1335 ubi
660 1281 940 1356 ingentem
960 1294 1246 1338 nocturnae
1267 1283 1427 1339 caedis
1446 1307 1703 1345 acervum
1783 1279 1787 1286 ¹

287 1393 321 1424 κ
340 1368 650 1438 Passim,'ut
666 1385 912 1441 quosque
936 1367 1103 1421 sacris
1125 1367 1368 1425 crudelis
1390 1374 1778 1447 vesperalucis

286 1476 319 1507 «
339 1455 614 1509 Straverat
631 1492 647 1521 ‚
688 1452 906 1505 occulta
931 1450 1281 1526 speculamur
1305 1454 1453 1510 nube
1478 1455 1737 1516 latentes,

288 1559 325 1593 «r
338 1539 447 1594 Hic
471 1538 738 1612 impressa
761 1536 898 1592 toris
919 1555 1013 1590 ora
1031 1577 1048 1605 ,
1076 1548 1464 1612 exstantesque
1491 1539 1732 1600 reclusis

287 1647 316 1677 α
335 1622 663 1679 Pectoribus
689 1621 941 1697 capulOS,
968 1641 1293 1698 magnarum
1321 1635 1376 1679 et
1402 1623 1679 1700 fragmina

498 1719 705 1763 trunca

280 1822 310 1851 α
330 1798 628 1853 Hastarum
644 1838 658 1864 ‚
683 1806 743 1851 et
758 1795 908 1852 ferro
927 1794 1135 1851 laceras
1158 1813 1260 1870 per
1283 1815 1524 1872 corpora
1548 1808 1733 1854 vestes
1748 1840 1764 1870 ‚

280 1908 311 1937 «
333 1884 590 1939 Crateras
609 1899 849 1957 pronOS,
875 1879 1183 1956 epulasque
1208 1881 1267 1934 in
1294 1880 1441 1937 caede
1469 1894 1725 1939 natantes

277 1993 311 2033 ις
329 1970 579 2024 Cernere
595 1978 736 2034 erat,
756 1965 1071 2039 jugulisque
1091 1966 1261 2019 modo
1280 1965 1545 2023 torrentis
1561 1968 1772 2042 apertis

275 2053 600 2127 «Sanguine
638 2049 940 2105 commixto
975 2048 1304 2104 redeuntem
1341 2049 1401 2104 in
1437 2052 1644 2126 pecula

500 2133 803 2191 Bacchum.

227 2208 243 2214 “
276 2244 307 2275 α
324 2219 435 2277 Hic
460 2219 728 2292 juventun
746 2233 943 2270 manus
963 2256 977 2281 ,
1006 2225 1089 2285 et,
1118 2214 1283 2270 nullis
1303 2214 1575 2273 violabilis
1602 2219 1769 2276 armis

278 2301 551 2371 «Turba,
594 2319 779 2367 seneS,
815 2298 1099 2376 positique
1139 2313 1363 2378 patrum
1402 2321 1572 2378 super
1599 2324 1696 2362 ora

493 2400 809 2465 gementum

269 2501 301 2532 α
321 2475 638 2532 Semineces
663 2473 823 2550 pueri
842 2516 856 2542 ‚
898 2471 1147 2553 trepidas
1179 2472 1235 2527 in
1261 2472 1445 2532 limine
1471 2475 1600 2532 -vitae

266 2589 298 2621 κ
318 2559 638 2638 Singultant
669 2559 900 2617 animas·
929 2559 1129 2617 Gelida
1158 2580 1271 2614 non
1295 2561 1489 2618 saevius
1518 2561 1660 2617 Ossa

267 2673 298 2704 ι(
317 2643 626 2706 Luxuriant
662 2645 1029 2723 Lapitharum
1062 2646 1239 2722 epulae
1260 2688 1276 2716 ,
1320 2646 1364 2701 si
1402 2644 1637 2745 quando

482 2733 764 2812 profundo

268 2843 298 2873 (t
315 2818 617 2896 Nubigenae
642 2818 861 2875 caluere
888 2836 1064 2872 mero.
1086 2816 1202 2877 Vix
1226 2814 1440 2889 primus
1466 2813 1577 2869 ab
1560 2833 1642 2870 ira

261 2904 520 2976 «Pallor,
550 2918 605 2960 et
625 2904 878 2980 impulsis
907 2913 1138 2978 surgunt
1161 2903 1234 2958 ad
1266 2902 1459 2975 praelia
1488 2902 1713 2959 mensis.

329 2993 545 3046 «Tunc
573 2991 816 3065 primum
849 3002 969 3045 sese
1001 2986 1236 3063 trepidis
1270 2985 1373 3044 sub
1407 3000 1576 3045 nocte

481 3073 786 3149 Thyoneus
