2079 3613
459 364 563 405 222
698 345 1142 411 THEBAIDOS‚
1194 347 1333 395 ΜΒ.
1386 347 1463 396 v,
1692 339 1813 401 123

325 446 785 522 «obliquumque
819 463 852 499 a
883 455 1045 521 patre
1081 441 1332 524 genus),
1372 444 1685 520 fortemque
1707 488 1725 517 ‚

538 528 803 587 timebam
1091 527 1104 544 ‘

327 647 355 676 «
373 629 549 699 Quem
577 621 881 698 desponsa,
909 620 1074 698 Gyan
1092 662 1108 690 ‚
1136 619 1254 679 vidi
1276 620 1498 698 lapsare
1526 634 1770 682 eruentae

323 735 349 763 α
373 710 618 771 Vulnere
647 704 1016 782 Mirmydonis
1050 722 1064 759 ε
1108 704 1363 782 quidque
1401 706 1550 764 inter
1587 720 1737 765 serta

535 792 852 868 chorosque

319 897 605 952 «Barbara
622 893 914 951 ludentem
935 890 1183 951 fodiebat
1208 891 1450 970 Opopea
1477 895 1698 954 mater?

320 1004 349 1033 α
369 980 495 1036 Flet
515 998 687 1058 super
704 998 1007 1054 aequaevum
1025 997 1186 1034 soror
1205 992 1482 1035 exarmata
1505 987 1748 1057 Lycaste

278 1083 281 1086 ¹
321 1089 349 1118 α
369 1064 654 1141 Cydimon
691 1083 704 1117 ι
745 1063 864 1117 heu
893 1059 1096 1117 similes
1134 1062 1382 1136 perituro
1409 1063 1482 1118 'in
1522 1084 1759 1144 corpore

537 1146 727 1205 vultus

319 1265 350 1295 e
370 1238 674 1316 Aspiciens
692 1281 709 1310 ‚
735 1237 1042 1313 floremque
1072 1256 1255 1314 genae,
1288 1250 1343 1293 et
1376 1258 1512 1314 quas
1539 1239 1778 1299 finxerat

527 1344 664 1381 auro
680 1366 695 1393 ,
874 1397 880 1402 Δ
1383 1356 1388 1361 ·

321 1440 350 1471 «
371 1417 504 1492 Ipsa
519 1420 724 1473 comas!
744 1416 888 1471 Tum
901 1433 1046 1474 saeva
1058 1435 1283 1493 parens,
1293 1416 1404 1492 jam
1424 1417 1659 1494 conjuge
1668 1418 1821 1490 suso,

315 1525 345 1555 α
372 1499 604 1558 Adstitit
623 1542 640 1571 ‚
684 1499 1036 1579 impellitque
1074 1500 1273 1572 miniS,
1307 1513 1475 1579 atque
1513 1502 1708 1560 inserit

532 1605 736 1642 ensem.

316 1698 349 1728 «
367 1674 444 1731 Ut
464 1675 611 1747 fera,
635 1694 758 1753 quae
780 1674 1008 1753 placido
1032 1675 1247 1732 rabiem
1267 1675 1496 1733 desueta
1522 1676 1791 1755 magistro

317 1783 348 1815 ιε
369 1760 606 1818 Tardius
633 1781 785 1818 arma
803 1773 992 1819 movet
1008 1803 1025 1834 ,
1053 1760 1432 1840 stimulisque,
1463 1775 1521 1820 et
1543 1764 1779 1823 verbere

523 1849 720 1901 crebro

316 1962 350 1992 α
368 1940 438 1996 In
463 1956 647 1994 mores
671 1948 838 2013 negat
865 1937 945 1993 ire
973 1954 1099 1993 suos
1126 1955 1140 1992 z
1171 1937 1251 1993 sie
1275 1935 1370 1993 illa
1395 1936 1608 2013 jacenti

316 2048 345 2078 «
366 2023 610 2092 Incidit,
639 2021 1055 2099 undantemque
1080 2020 1209 2078 sinu
1235 2021 1479 2098 collapsa
1508 2036 1786 2081 eruorem.

317 2133 348 2163 «
368 2108 594 2187 Excipit
614 2150 629 2180 ‚
674 2121 732 2165 et
768 2105 984 2165 laceros
1021 2106 1231 2184 premit
1264 2107 1322 2165 in
1357 2126 1506 2166 nova
1540 2107 1776 2168 vulnera

529 2214 733 2252 ermes.
832 2222 839 2227 -

388 2304 417 2334 α
435 2279 515 2337 Ut
536 2299 672 2338 vero
697 2280 1037 2339 Alcimeden
1064 2279 1366 2337 etiamnum
1392 2279 1453 2337 in
1478 2294 1765 2337 murmure

533 2376 764 2420 truncos

320 2478 347 2507 α
371 2455 545 2509 Ferre
577 2453 758 2527 patris
796 2453 986 2511 vultus
1006 2493 1024 2524 ,
1061 2465 1123 2509 et
1161 2464 1421 2528 egentem
1460 2449 1746 2532 sanguinis

537 2553 721 2589 ensem

319 2651 350 2680 a
372 2624 681 2703 Conspexi‚
702 2625 922 2703 riguere
942 2644 1127 2691 comae,
1147 2638 1312 2701 atque
1330 2628 1390 2682 in
1407 2627 1621 2684 viscera
1641 2641 1817 2683 saevus

231 2757 243 2767 .
319 2736 350 2766 α
366 2713 581 2769 Horror
598 2710 683 2768 iit.
712 2714 872 2768 Meus
895 2708 988 2768 ille
1013 2709 1203 2766 Thoas
1221 2752 1236 2781 ,
1263 2729 1390 2766 mea
1418 2708 1541 2765 dira
1566 2707 1749 2768 videri

319 2799 576 2856 «Dextra
608 2795 768 2854 mihi.
801 2794 1100 2875 Extemplo
1137 2794 1393 2854 thalamis
1430 2794 1657 2853 turbata

535 2883 786 2961 paternis

321 3002 349 3032 α
370 2976 613 3036 Inferor.
635 2979 739 3036 Ille
756 2976 984 3054 quidem
1009 2977 1221 3035 dudum
1244 2974 1402 3057 (quis
1421 2995 1618 3053 magna
1638 2978 1822 3035 tuenti

318 3093 350 3124 α
367 3071 603 3130 Somnus
617 3069 674 3155 ?)
697 3072 809 3153 agit
832 3092 1065 3133 versans
1090 3091 1286 3134 seeum
1312 3069 1441 3154 (etsi
1459 3075 1576 3132 lata
1600 3067 1832 3134 recessit
