2079 3613
496 257 608 334 457
716 253 1165 317 ΤΗΕΒΑΙυοε,
1215 254 1361 303 mn.
1412 255 1555 304 ΧΗ.
1673 245 1793 324 371

292 356 435 434 Spes
454 355 614 412 furit.
639 355 771 411 Hoec
790 352 975 410 fratris
998 351 1252 428 rapuisse
1272 392 1290 421 ‚
1319 350 1440 407 haec
1468 351 1724 430 conjugis

515 454 669 499 artus

294 538 669 597 Contendunt
688 578 706 609 ,
732 536 1067 614 vicibusque
1092 537 1418 616 probantf«
1433 534 1552 613 Ego
1580 556 1802 614 corpuS,

510 644 615 704 ego
637 625 827 701 ignes,

296 733 327 763 α
348 713 441 766 Me
467 713 673 787 pietas),
701 730 790 766 me
818 708 980 767 duxit
1006 729 1181 767 amor.
1202 732 1232 763 n
1274 711 1599 785 Deposcere
1627 726 1771 764 saeva

294 797 585 874 Supplicia
617 838 633 867 ‚
665 809 722 852 et
748 796 970 854 dextras
994 797 1150 870 juvat
1174 797 1439 854 insertare
1463 793 1702 851 catenis.-

294 887 582 960 Nusquam
603 883 698 941 illa
720 883 953 940 alternis
965 883 1138 939 modo
1158 903 1283 959 quae
1307 876 1644 941 reverenti!⁸

516 969 707 1026 verbis
735 1011 749 1039 ,

278 1067 444 1123 -Iram
463 1103 480 1136 ,
511 1066 815 1142 odiumque
832 1077 1028 1143 putes3
1057 1075 1247 1121 tantus
1274 1065 1560 1122 discordat

512 1149 792 1227 utrimque

293 1244 541 1318 Clamor,
572 1261 628 1304 et
644 1247 715 1304 ad
730 1268 942 1326 regem,
968 1268 1064 1322 qun
1050 1245 1458 1324 deprendere,
1485 1246 1805 1305 trahebant.

369 1334 448 1389 At
474 1333 677 1409 procul
701 1335 907 1392 Actaeis
923 1378 937 1403 ‚
962 1333 1164 1395 dextra
1182 1335 1294 1409 jam
1318 1333 1541 1392 Pallade
1561 1377 1577 1405 ‚
1609 1332 1784 1391 muris

290 1418 447 1474 Juno
478 1417 797 1478 Phoroneas
816 1420 1032 1477 inducit
1054 1418 1260 1498 praevia
1280 1435 1485 1498 matres

293 1503 578 1562 Attonitas
596 1525 610 1578 ;
631 1527 746 1563 uon
765 1507 884 1585 ipsa
902 1506 1088 1565 minus
1105 1548 1120 1577 ‚
1147 1521 1465 1585 coetumque
1485 1519 1805 1585 gementem

291 1590 572 1650 Conciliat
596 1595 825 1672 populis
843 1636 860 1666 ,
891 1608 949 1651 et
974 1594 1234 1651 flentibus
1253 1595 1408 1652 addit
1429 1596 1723 1652 honorem.

292 1674 425 1751 Ipsa
452 1700 620 1736 manu
637 1701 977 1756 ‚ramosque
1005 1678 1158 1748 oleae,
1186 1681 1471 1758 vittasque
1496 1693 1804 1758 precantes

291 1761 530 1831 Tradit,
558 1778 612 1821 et
631 1766 861 1821 obtenta
877 1764 1205 1820 submittere
1227 1764 1439 1821 lumina
1453 1765 1601 1842 palla
1628 1808 1644 1836 ‚

293 1860 364 1915 Et
391 1856 654 1934 praeferre
681 1848 848 1904 docet
873 1868 1081 1905 vacuas
1100 1848 1217 1903 sine
1240 1851 1495 1904 manibus
1518 1870 1705 1905 urnas.

368 1940 567 2000 Omnis
595 1949 650 1993 et
676 1935 871 1992 Actaeis
899 1933 1076 1988 effusa
1099 1933 1403 2008 penatibus
1428 1947 1555 1989 aetas
1572 1976 1589 2003 ,

290 2031 474 2086 Tecta
500 2027 736 2101 viasque
763 2019 1006 2097 replent.
1026 2016 1195 2075 Unde
1214 2019 1325 2076 hoc
1351 2039 1621 2078 examen.
1604 2018 1711 2076 et

511 2132 623 2168 una

290 2197 409 2267 Tin
434 2209 647 2265 miserae
665 2203 693 2262 ’Β
710 2224 819 2261 nec
846 2205 984 2261 dum
1008 2223 1204 2260 causas
1221 2224 1432 2261 novere
1460 2203 1760 2279 malorum,

291 2297 536 2372 Jamque
563 2303 814 2371 gemunt.
837 2291 958 2347 Dea
984 2290 1241 2347 conciliis
1264 2291 1364 2347 sed
1378 2293 1576 2350 miscet

486 2394 764 2454 ,utusque

290 2482 515 2536 Cuncta
537 2477 749 2532 docens
775 2493 916 2550 :qua
933 2482 1100 2549 gente
1118 2483 1250 2527 satae
1264 2512 1281 2543 ‚
1310 2492 1433 2548 quoe
1449 2474 1652 2534 funera

512 2561 815 2640 plangant,

291 2660 514 2738 Quidve
540 2670 764 2736 petant.
793 2655 985 2718 Variis
1009 2675 1118 2713 nec
1133 2674 1247 2712 non
1273 2655 1535 2713 affatibus
1558 2657 1693 2736 ipsae

297 2748 544 2825 Ogygias
565 2749 719 2823 leges
735 2786 751 2815 ,
773 2745 1319 2819 immansuetumque
1340 2744 1585 2800 Creonta

293 2834 535 2889 Multum
562 2843 621 2888 et
644 2832 853 2907 ubique
874 2829 1151 2888 fremunt.
1171 2828 1384 2888 Geticae
1409 2849 1527 2886 non
1550 2829 1713 2908 plura

511 2933 828 2996 queruntur
1127 2929 1130 2932 ’

295 3016 627 3094 Hospitibus
653 3018 818 3079 tectis
843 3030 1053 3079 trunco
1077 3033 1336 3076 sermone
1351 3014 1629 3089 volucres,

1561 3117 1588 3156 ι
