2079 3613
611 138 653 155 ἱ

510 259 620 332 435
754 262 1188 326 mansuum,
1240 265 1379 313 1213.
1435 244 1654 319 v111.'
1740 262 1857 322 231
1943 300 1948 305 -

378 360 541 414 Nunc
569 358 793 415 tumidae
818 358 1122 437 Calydonis
1146 354 1282 436 opes
1298 404 1313 431 ‚
1336 380 1486 418 nunc
1513 374 1673 423 torva

366 457 376 463 ”
602 444 834 524 Pylenes

377 529 615 605 Agmina
635 572 651 600 ‚
674 551 828 587 nunc
853 543 1059 589 moestae
1079 530 1318 588 fundens
1340 532 1625 591 Pleuronis

525 608 530 611 ¹
587 617 840 675 alumnos
865 635 880 673 z

375 705 567 761 Donec
587 706 647 761 in
671 705 937 764 Olenium
959 746 975 774 ‚
1005 704 1151 760 sessa
1176 707 1289 779 jam
1320 704 1572 781 cuspide,
1592 709 1765 766 Buten

372 788 602 845 Incidit.
629 791 801 845 Hunc
821 788 1013 845 turmis
1038 787 1358 861 obsessum,
1389 804 1446 847 et
1471 792 1626 849 abire

599 886 883 932 vetantem

375 958 739 1036 Aggreditur.
768 964 915 1039 Pue1
940 960 1031 1014 ille
1051 980 1275 1035 ‚‚puer
1304 961 1584 1038 malasque

602 1034 932 1137 comamque

374 1125 675 1201 Integer,
659 1145 852 1201 ignaro
880 1126 969 1182 cui
987 1137 1121 1183 tunc
1154 1124 1430 1183 Thebana
1455 1125 1709 1201 bipennis
1736 1150 1741 1155 “

373 1213 443 1266 In
470 1210 685 1288 galeam
707 1211 925 1269 vibrata
950 1211 1124 1270 venit÷
1149 1210 1458 1268 Finduntur
1481 1211 1751 1288 utrinque

374 1298 690 1375 Tempora,
716 1297 1049 1376 dividuique
1076 1298 1286 1355 cadunt
1310 1297 1369 1355 in
1392 1296 1626 1354 brachia
1653 1298 1834 1356 crines
1848 1282 1901 1371 ςἱ

372 1383 474 1453 Et,
503 1404 618 1439 non
641 1382 748 1439 h'oc
763 1397 1022 1441 metuens
1034 1426 1052 1455 ‚
1067 1383 1298 1460 inopino
1313 1384 1487 1441 limite
1504 1384 1618 1442 vita

368 1468 621 1527 Exsiluit.
636 1472 799 1526 Tunc
812 1471 1017 1529 flavum
1025 1473 1296 1548 Hypanin
1307 1470 1872 1546 flavumquePolyten

369 1555 390 1634 (
410 1557 514 1613 Ille
532 1575 700 1631 genas
724 1555 934 1614 Phoebo
954 1598 970 1626 ‚
995 1561 1211 1612 crinem
1225 1556 1319 1612 hic
1338 1557 1612 1630 pascebat
1636 1556 1867 1637 Iaccho.

370 1641 558 1697 Saevus
573 1652 805 1716 uterque
821 1644 1006 1698 Deus!
1027 1637 1049 1716 )
1070 1640 1232 1697 victis
1255 1643 1621 1717 Hyperenora
1641 1640 1822 1717 jungit
1848 1681 1866 1710 ‚

368 1727 828 1801 Conversumque
846 1727 977 1800 suga
1001 1729 1324 1784 Damasum.
1344 1725 1456 1783 Sed
1471 1726 1629 1803 lapsa
1647 1746 1753 1802 per

600 1827 783 1865 armos

367 1898 546 1953 Hasta
570 1893 676 1952 vi1i
703 1905 855 1950 trans
879 1905 1079 1969 pectus
1093 1893 1208 1949 abit
1226 1935 1244 1964 ‚
1265 1910 1633 1969 parmamque
1652 1890 1864 1946 tenenti

369 1981 633 2049 Excutit,
660 1991 716 2035 et
736 1999 947 2035 summa
975 1977 1227 2054 fugiens
1212 1999 1270 2034 m
1292 1976 1525 2053 cuspide
1545 1987 1753 2052 portat.

443 2069 721 2123 Sterneret
742 2066 1001 2122 adversos
1022 2064 1323 2152 etiamnum
1345 2062 1618 2121 Ismenius
1632 2045 1863 2118 Haemon

372 2149 668 2210 Inachidas
692 2149 843 2231 (nam
866 2149 974 2206 tela
991 2149 1161 2225 regit,
1189 2149 1280 2207 vir
1282 2167 1450 2224 esque
1478 2146 1756 2204 ministrat
1909 2185 1935 2194 α

369 2233 940 2313 Amphitryoniades)
962 2245 978 2306 ς
999 2253 1205 2293 saevum
1228 2233 1323 2291 sed
1353 2231 1547 2311 Tydea
1570 2244 1769 2292 contra

366 2320 545 2376 Pallas
560 2320 700 2396 agit3
728 2320 955 2394 jamque
973 2321 1210 2375 adverso
1235 2337 1444 2375 venere
1472 2319 1663 2374 favore

367 2403 642 2459 Cominus
660 2444 675 2472 ‚
699 2414 752 2457 et
775 2401 1000 2477 placido
1025 2401 1184 2477 prior
1206 2402 1326 2456 haec
1350 2400 1678 2476 Tirynthius
1702 2419 1800 2457 ore

446 2508 474 2538 α
492 2486 626 2540 Fida
652 2504 826 2554 soror,
841 2505 1099 2559 quaenam
1120 2486 1276 2541 hunc
1293 2485 1430 2541 belli
1448 2486 1682 2559 caligine
1701 2484 1865 2541 nobis

371 2594 400 2623 α
423 2571 803 2644 Congressum
823 2570 1074 2622 Fortuna
1100 2566 1267 2622 tulit?
1291 2588 1423 2621 num
1448 2569 1600 2640 regia
1623 2568 1777 2622 Juno

365 2680 396 2709 α
418 2657 539 2711 Hoc
560 2653 751 2710 molita
779 2653 979 2710 nefas?
1008 2650 1171 2706 citius
1195 2670 1283 2705 me
1310 2648 1542 2706 fulmina
1568 2659 1765 2705 Contra

366 2764 396 2793 α
420 2738 722 2798 Infandum
759 2758 955 2806 ruere,
986 2748 1043 2792 et
1067 2755 1270 2811 magno
1295 2732 1502 2790 bellare
1526 2737 1749 2811 parenti

367 2848 398 2873 α
419 2823 686 2902 Aspiciat.
703 2825 896 2880 Genus
909 2820 1112 2879 huic...
1139 2818 1278 2891 (sed
1298 2818 1460 2875 mitto
1487 2819 1822 2896 agnoscere)

591 2911 815 2986 quando
1842 2895 1849 2904 α

368 3017 398 3047 κ
426 2997 514 3049 'Pu
526 2994 742 3054 diversa
757 2995 939 3057 foves.
957 2995 1076 3052 Nec
1094 2987 1139 3051 si
1159 2992 1345 3070 ipsum
1361 2990 1610 3049 cominus
1624 2988 1844 3068 Hylam*
