2079 3613
514 297 621 355 315
727 293 1178 355 ΤΗΕΒΑιΒοε,
1231 293 1375 339 mn.
1427 292 1562 340 xn.
1705 277 1829 336 365

336 398 611 475 Purpura.
643 397 901 471 Dumque
927 394 1080 448 Deos
1103 404 1307 458 vocat,
1335 400 1392 444 et
1419 386 1487 443 de
1513 386 1709 442 funere

556 501 687 537 caro
1252 530 1260 541 ,

334 567 461 624 Hoc
487 585 776 643 superesse
795 575 960 640 putat
986 604 1003 633 ,
1031 560 1190 620 videt
1215 561 1398 636 ipsum
1420 557 1478 611 in
1496 555 1728 630 pulvere
1809 598 1812 605 .

517 672 670 730 pene
1533 694 1536 707 Ι

333 737 643 795 Calcatum.
672 738 891 814 Fugere
912 734 1128 791 animus
1146 775 1163 804 ,
1190 731 1456 806 visusque
1476 769 1492 796 .,
1519 743 1800 798 sonusque
1817 764 1834 793 .,

331 822 677 899 Inclusitque
700 820 863 877 dolor
883 820 1183 896 lacrymas.
1213 819 1378 872 Tunc
1402 831 1645 889 corpore
1664 821 1783 865 toto

333 906 612 963 Sternitur
635 907 702 960 itr
717 905 906 961 vultus
921 945 938 974 ‚
968 906 1328 976 animamque
1355 920 1462 975 per
1479 896 1669 954 oscula

564 989 761 1063 quaerit

248 1108 257 1113 ι
332 1074 662 1143 Absentem3
691 1090 1064 1148 pressumque
1080 1069 1279 1138 comis,
1307 1087 1374 1123 ac
1398 1079 1552 1124 veste
1574 1085 1836 1123 cruorem

332 1160 629 1214 Servatura
645 1157 798 1232 legit.
816 1160 950 1215 Mox
972 1155 1200 1212 tandem
1222 1174 1362 1212 voce
1384 1172 1606 1209 reversa
1632 1182 1652 1219 ς

339 1266 369 1295 α
391 1244 558 1301 Hunc
573 1263 676 1321 ego
698 1256 749 1300 te
769 1285 785 1314 ‚
812 1245 1018 1320 conjux
1036 1284 1053 1314 ,
1073 1242 1147 1297 ad
1163 1239 1353 1298 debita
1370 1258 1541 1314 regna

550 1330 866 1410 profectum

337 1436 365 1465 α
387 1415 696 1470 Ductorem
720 1412 899 1484 belli„
915 1430 1293 1490 generumque
1322 1409 1572 1486 potentis
1601 1405 1833 1463 Adrasti

339 1521 369 1550 «
391 1496 665 1575 Aspicio‘?
687 1497 920 1576 talisque
949 1498 1062 1555 tuis
1088 1517 1329 1554 occurro
1359 1493 1658 1571 triumphis
1678 1491 1706 1549 ’.Ρ

339 1606 367 1633 «
398 1583 522 1640 Huc
548 1583 740 1641 attolle
763 1605 963 1661 geum,
994 1584 1335 1658 defectaque
1360 1580 1596 1639 lumina!
1619 1578 1795 1637 Venit

248 1702 253 1715 ι
335 1690 364 1719 κ
390 1667 482 1723 Ad
502 1669 726 1728 Thebas
741 1671 900 1747 Argia
917 1682 1043 1725 tuas
1064 1688 1078 1738 ;
1108 1689 1206 1743 age
1226 1710 1241 1738 ‚
1268 1667 1543 1746 moenibus
1560 1664 1764 1721 induc:

337 1776 365 1805 α
388 1755 457 1809 Et
476 1756 687 1828 patrios
713 1754 947 1811 ostende
973 1754 1118 1809 lares
1134 1793 1151 1823 ,
1177 1766 1231 1809 et
1253 1765 1444 1808 mutua
1461 1750 1633 1818 redde

335 1862 368 1890 α
389 1838 666 1914 Hospitia.
694 1841 819 1895 Heu
840 1839 852 1894 Ε
877 1839 1015 1914 quid
1036 1858 1141 1913 ago
1162 1837 1188 1894 ’.Ρ
1213 1838 1505 1914 projectus
1526 1836 1735 1911 cespite

554 1925 749 1993 nudO,

336 2032 367 2062 α
389 2008 515 2065 Hoc
531 2006 725 2086 patriae
745 2006 961 2065 telluris
985 2006 1196 2063 habes!
1222 2008 1358 2079 Quae
1378 2005 1587 2083 jurgia!
1618 2018 1768 2062 certe

335 2117 365 2147 c<
387 2096 699 2171 Imperium
721 2114 836 2150 non
858 2094 1034 2150 frater
1057 2093 1251 2149 habet.
1285 2092 1549 2151 Nullasne
1570 2105 1793 2149 tuorum

334 2201 362 2230 tt
383 2180 606 2237 Movisti
623 2180 894 2259 lacrymas
915 2178 942 2236 ‘i'
961 2179 1059 2236 uhi
1071 2177 1297 2238 mater?
1317 2178 1412 2236 ubi
1430 2180 1649 2256 inclyta
1679 2180 1828 2236 fama

335 2286 363 2316 «
388 2266 711 2344 Antigone?
738 2266 877 2322 mihi
902 2286 1109 2343 nempe
1132 2269 1313 2344 jaces!
1337 2266 1483 2323 Mihi
1512 2265 1693 2326 victus
1713 2286 1779 2323 es

555 2352 654 2407 uni
677 2357 694 2409 Ξ
812 2407 826 2420 ‚

333 2457 363 2487 «
388 2434 690 2491 Dicebam:
720 2444 847 2513 Quo
873 2437 1056 2495 tendis
1082 2438 1232 2497 iter?
1260 2437 1394 2514 quid
1421 2449 1646 2514 sceptra

552 2535 755 2596 negata

330 2625 360 2656 κ
382 2602 609 2658 Poscis?
635 2605 806 2662 habes
827 2612 995 2684 Argos
1014 2648 1031 2677 ,
1062 2607 1240 2664 soceri
1265 2607 1526 2682 regnabis
1541 2606 1598 2661 in
1627 2606 1751 2662 aula
1774 2626 1791 2664 z

330 2711 361 2741 ι(
383 2690 493 2746 Hic
519 2689 620 2745 tibi
648 2689 844 2769 longus
867 2692 1081 2760 honoS‚
1108 2692 1202 2748 hic
1232 2692 1465 2749 indivisa
1490 2705 1757 2768 potestas·

329 2796 359 2826 α
378 2773 539 2848 Quid'
554 2795 764 2851 queror
790 2775 816 2833 ’.Ρ
841 2779 959 2854 ipsa
988 2777 1123 2836 dedi
1144 2777 1347 2834 helsum
1365 2820 1381 2849 ‚
1408 2790 1782 2855 moestumque

544 2863 738 2938 rogavi

330 2966 359 2997 α
389 2946 518 3024 Ipsa
544 2963 764 3024 patrem
788 2994 804 3021 ,
834 2964 895 3009 ut
923 2951 1094 3009 talem
1120 2971 1273 3009 nunc
1300 2962 1355 3008 te
1375 2949 1673 3028 *complexa

551 3046 798 3094 tenerem
828 3041 844 3095 .'
