2079 3613
343 321 474 396 334
612 331 1051 393 ΤΗΒΒΑῐῡοε,
1084 313 1246 382 ΗΒ.
1295 333 1404 383 x1.
1510 328 1618 409 347

343 454 371 483 κ
392 434 517 486 Non
538 444 722 505 pater.
751 429 906 485 Adde
932 448 1142 486 moram
1169 428 1398 498 sceleri,
1427 440 1484 485 et
1505 429 1706 486 metire

562 513 718 590 quod
738 512 931 570 audes,

338 623 376 652 α
394 598 505 655 Sed
529 599 718 674 pulsat
743 616 933 654 muros
958 618 1252 673 germanus
1270 638 1288 669 ,
1321 609 1378 654 et
1404 595 1572 674 impia
1600 607 1800 653 contra

337 707 367 738 κ
387 686 542 741 Bella
566 684 719 745 ciet?
745 704 859 741 non
883 698 1066 742 mater
1090 685 1266 757 enim,
1296 704 1411 740 non
1434 683 1616 740 obstat
1646 682 1800 739 eunti

335 793 365 823 α
386 769 514 824 Ulla
541 790 715 826 soror.
743 772 828 825 Te
854 783 1056 827 cuncta
1085 782 1316 846 rogant:
1344 768 1437 824 hic
1462 769 1780 845 plangimus

540 871 763 923 omnes;
1207 926 1211 930 ⁵

328 960 362 993 α
384 941 490 996 Ast
529 938 608 993 ibi
627 938 718 995 vix
747 959 890 998 unus
914 960 1131 1018 pugnas
1155 939 1439 997 dissuadet
1464 937 1831 994 Adrastus...-

336 1024 504 1082 «Aut
529 1026 762 1083 sortasse
788 1027 967 1102 jubet.
1003 1028 1094 1082 Tu
1132 1025 1323 1082 limina
1356 1024 1534 1093 avita,
1582 1022 1829 1098 deosque

331 1129 361 1160 et
382 1108 642 1185 Linqui&
667 1121 722 1164 et
747 1132 778 1165 a
803 1110 1012 1167 nostris
1043 1112 1100 1166 in
1122 1113 1347 1167 fratrem
1371 1107 1719 1186 amplexibus

546 1195 691 1251 exis!
722 1216 750 1248 n

396 1282 475 1336 At
498 1294 661 1356 parte
690 1299 760 1337 ex
785 1279 893 1336 alia
915 1278 1140 1347 tacitos»,
1158 1279 1414 1336 obstante
1442 1276 1679 1335 tumultu
1696 1318 1713 1348 ‚

322 1365 606 1437 Antigone
632 1366 815 1420 furata
839 1366 1039 1439 gradus
1060 1365 1089 1438 (
1103 1382 1208 1419 nec
1230 1377 1382 1421 casta
1407 1365 1660 1421 retardat

321 1447 650 1523 Virginitas·
668 1443 692 1523 )
724 1445 872 1503 volat
898 1443 1096 1522 Ogygii
1124 1447 1336 1525 fastigia
1364 1447 1510 1501 muri

251 1567 260 1574 »
321 1534 675 1608 Exsuperare
700 1532 910 1612 furens,
940 1532 1137 1588 Senior
1157 1551 1344 1588 comes
1367 1531 1541 1587 haenet
1564 1532 1722 1588 eunti

319 1624 517 1687 Actor,
546 1629 600 1673 et
626 1616 716 1671 hic
742 1636 981 1673 summas
1007 1638 1122 1673 non
1147 1617 1450 1674 duraturus
1466 1618 1546 1675 ed
1568 1636 1745 1676 arces.

316 1703 504 1777 thue
529 1700 735 1777 procul
762 1701 892 1758 visis
917 1702 1145 1779 paulum
1172 1701 1487 1761 dubitavit
1470 1722 1530 1757 m
1551 1701 1745 1773 anniS,

315 1786 665 1864 Agnovitque
694 1786 951 1868 (nesas')
979 1789 1173 1866 jaculis
1201 1802 1257 1846 et
1286 1810 1426 1847 voce
1453 1787 1699 1866 superba

314 1879 494 1932 Tecta
523 1876 933 1948 incessentem,
961 1897 1162 1953 magno
1186 1877 1346 1956 prius
1370 1876 1557 1933 omnia
1583 1876 1822 1951 planctu

313 1961 461 2036 Imp'
465 1971 552 2029 et,
579 1972 636 2016 et
660 1982 690 2018 e
721 1962 920 2032 muriS‚
952 1983 1058 2019 ceu
1082 1963 1450 2032 descensura,
1476 1962 1770 2039 profatur:

390 2156 419 2186 «
442 2131 766 2208 Comprime
794 2131 902 2188 tela
927 2151 1097 2186 manu
1113 2173 1128 2201 ‚
1165 2132 1510 2208 paulumque
1535 2131 1683 2188 hanc

530 2215 721 2290 aspice
749 2215 974 2283 turrim,

312 2324 338 2352 «
361 2301 583 2368 Frater,
611 2312 668 2355 et
691 2298 984 2356 horrentes
1004 2299 1152 2356 refer
1180 2298 1237 2355 in
1263 2320 1388 2356 mea
1413 2301 1623 2358 lumina

532 2385 727 2441 cristas
750 2389 763 2442 !

308 2494 337 2525 α
362 2472 705 2548 Agnoscisne
726 2470 955 2526 hostes?
977 2467 1058 2525 sic
1085 2491 1268 2526 annua
1294 2485 1462 2546 pacta
1481 2515 1496 2545 ‚
1526 2474 1809 2552 fidemque

309 2581 338 2611 «
358 2556 677 2612 Poscimus?
702 2555 763 2611 hi
788 2559 1052 2632 questus?
1078 2555 1197 2613 haec
1220 2569 1303 2614 est
1321 2558 1469 2614 bona
1489 2578 1655 2616 causa

524 2643 760 2699 modesti

304 2749 334 2779 α
359 2723 616 2783 Exsulis'?
639 2727 936 2803 Argolicos
961 2748 1065 2803 per
1095 2740 1149 2784 te
1168 2772 1187 2798 ,
1215 2747 1505 2804 germane,
1541 2741 1805 2806 penates3

305 2834 334 2863 α
358 2811 537 2892 (Nam
568 2812 756 2889 Tyriis
780 2817 893 2890 jam
918 2810 1105 2868 nullus
1129 2811 1353 2895 honos)
1379 2856 1395 2884 ,
1422 2833 1528 2890 per
1553 2815 1599 2870 si
1631 2814 1769 2892 quid

523 2897 580 2950 in
606 2897 700 2952 ina

302 3005 330 3034 κ
353 2981 529 3038 Dulce
557 2980 724 3036 domo
742 3025 756 3053 ,
786 2985 1068 3040 summitte
1095 2983 1307 3040 animos
1332 2988 1346 3038 2
1377 2985 1459 3039 En
1486 2997 1729 3062 utraque

514 3076 692 3140 genus
