2079 3613
187 246 312 318 448
402 298 413 307 .
475 259 900 323 summum,
957 260 1098 310 Lus.
1154 263 1209 311 1.
1315 261 1413 316 183

185 375 213 405 α
228 357 380 425 Quas
391 374 492 430 ego
510 374 622 411 non
641 368 832 432 gentes
851 394 868 425 ,
896 376 1018 431 quae
1045 377 1160 413 non
1181 358 1302 415 sace
1332 355 1504 414 corda

391 441 623 514 iugavi?

183 545 209 575 ιι
237 522 479 579 Alituum
504 524 859 600 pecudumve
882 525 1016 581 mihi
1042 568 1057 594 ‚
1088 526 1324 602 durique
1347 529 1593 583 serarum

186 631 216 660 ι(
239 609 289 664 Ν
295 629 369 664 on
393 612 629 673 renuere
644 629 875 687 greges:
901 612 1084 688 ipsum
1110 614 1170 667 in
1188 612 1468 669 connubia
1485 623 1646 666 terrae

184 715 213 743 α
233 692 463 749 AEthera
482 735 498 764 ‚
533 714 660 750 cum
686 694 889 771 pluviis
912 705 1203 752 rarescunt
1226 696 1413 752 nubila
1429 737 1446 766 ‚
1472 694 1630 752 solvo
1660 716 1675 750 ε

184 799 214 828 α
233 777 327 833 Sic
353 799 540 835 rerum
566 778 739 836 series
754 820 770 847 ‚
797 780 1104 857 mundique
1124 782 1426 839 revertitur
1444 794 1602 855 aetas.-

181 862 397 921 «.Unde
421 883 628 919 novum
646 865 829 938 Trojae
855 862 1054 935 decus,
1079 864 1484 940 ardentumque

398 947 645 1003 Deorum

182 1053 212 1084 α
231 1031 541 1107 Raptorem
559 1072 575 1101 ‚
593 1032 836 1111 Phrygio
860 1033 906 1090 si
926 1054 1041 1090 non
1064 1054 1167 1110 ego
1185 1036 1372 1111 juncta
1399 1033 1599 1090 marito
1619 1030 1649 1089 ’ἓ
1689 1082 1697 1089 .

178 1138 206 1168 α
231 1116 443 1191 Lydius
465 1116 617 1173 unde
642 1134 795 1175 meos
820 1119 1072 1175 iterasset
1094 1117 1301 1196 Tybris
1331 1119 1519 1176 Iulos?
1668 1195 1671 1198 ἢ

177 1224 207 1254 α
230 1203 368 1274 Quis
393 1204 840 1279 septemgeminae
857 1204 1135 1301 posuisset
1159 1203 1362 1261 moenia
1390 1204 1583 1260 Ro‘mae
1601 1242 1622 1277 ‚

180 1311 208 1340 α
231 1288 456 1365 Imperii
480 1288 689 1344 Latiale
714 1301 919 1364 caput,
947 1288 1054 1344 nisi
1080 1291 1347 1347 Dardana
1368 1289 1519 1345 furto

136 1404 144 1408 -
177 1393 204 1422 α
228 1373 483 1448 Cepisset
501 1375 778 1441 Martem,
805 1392 914 1428 nec
939 1393 1029 1429 me
1055 1372 1425 1448 prohibente

64 2793 126 2830 θ

387 1456 687 1512 sacerdos.
672 1453 752 1509 9»
1092 1507 1095 1510 ,

243 1540 343 1596 His
357 1540 564 1597 mulcet
583 1541 776 1611 dictis,
798 1541 1145 1639 tacitumque
1161 1542 1337 1621 inspi1
1338 1558 1393 1623 at
1412 1564 1660 1601 amorem

169 1625 485 1681 Connubii:
516 1646 544 1680 1
549 1626 753 1683 edcunt
776 1626 958 1682 animo
978 1628 1093 1700 jam
1125 1639 1258 1683 vota
1277 1668 1292 1696 ‚
1316 1639 1625 1704 precesque
1641 1667 1661 1697 ‚

165 1712 238 1766 Et
257 1708 545 1789 lacrymae,
568 1711 871 1789 vigilesque
892 1711 997 1770 viri
1015 1730 1198 1788 prope
1213 1712 1402 1768 limina

389 1812 618 1875 questus
647 1824 663 1866 3

165 1883 376 1941 Asteris
393 1895 450 1939 et
477 1886 586 1943 vati
612 1897 790 1941 totam
811 1884 1033 1940 cantata
1050 1904 1156 1962 per
1176 1883 1367 1941 urbem
1391 1903 1407 1955 3

164 1968 380 2024 Asteris
405 1981 534 2024 ante
557 1968 766 2043 dapeS‚
795 1981 963 2025 nocte
984 1970 1229 2040 AsteriS‚
1258 1968 1473 2025 Asteris
1499 1981 1657 2038 ortu,

163 2058 446 2127 Quantum
463 2071 578 2110 non
605 2054 871 2118 clamatus
896 2054 1091 2130 Hylas.
1118 2056 1357 2130 Jamque
1384 2073 1582 2129 aspele

388 2139 558 2215 coepit

159 2221 412 2280 Flectere
439 2222 611 2279 corda
636 2223 842 2290 libens,
871 2237 925 2280 et
949 2226 1062 2298 jam
1091 2225 1195 2281 sibi
1216 2224 1357 2281 dura
1373 2221 1573 2281 videri.

233 2310 423 2364 Macte
444 2308 609 2378 toris,
636 2309 824 2365 Latios
841 2308 1385 2387 interaeplacidissime
1401 2323 1557 2365 vates
1578 2309 1591 2363 Ξ

155 2396 266 2468 Qui
285 2394 488 2455 durum
511 2414 839 2470 permensus
862 2391 973 2454 iter*
986 2439 1002 2467 ,
1033 2398 1318 2473 coeptique
1337 2394 1541 2453 laboris

155 2480 428 2538 Prendisti
446 2493 661 2555 portus,
688 2481 941 2538 Tumidae
960 2483 1036 2539 sic
1061 2483 1348 2558 transfuga
1371 2480 1505 2538 Pisae

155 2566 357 2622 :Amnis
376 2608 392 2636 ‚
418 2566 476 2621 in
497 2579 759 2623 externos
784 2567 949 2644 longe
974 2567 1283 2623 flammatus
1304 2584 1548 2636 amoreS,

154 2653 414 2708 Flumina
436 2651 692 2708 demerso
715 2651 884 2707 trahit
911 2651 1247 2708 intemerata
1271 2650 1450 2707 canali
1472 2668 1488 2721 ;

155 2737 358 2793 Donec
382 2737 637 2795 Sicanios
650 2738 878 2793 taudem
903 2733 1156 2812 prolatus
1184 2735 1388 2792 anhelo

153 2825 266 2879 Ore
291 2822 442 2879 bibat
470 2824 688 2892 fontes3
715 2823 948 2877 miratur
972 2819 1160 2877 dulcia
1187 2822 1322 2877 Na‘is

153 2908 360 2966 Oscula
380 2950 396 2978 ‚
419 2928 527 2965 nec
544 2907 721 2965 credit
744 2905 952 2984 pelago
959 2905 1175 2963 venisse
1197 2906 1479 2963 maritum.

227 2992 363 3067 Quis
385 2992 489 3049 tibi
505 3005 637 3049 tunc
650 2991 847 3062 alacri,
869 2990 1156 3048 coelestum
1170 3010 1402 3049 munere
1415 2992 1566 3049 claro
1586 3034 1603 3064 ,
