2079 3613
281 226 405 288 282
485 283 487 285 ,
541 219 991 296 mannum,
1042 235 1186 283 ma.
1234 238 1311 284 x.
1454 231 1528 303 43

275 332 389 389 Sub
407 344 631 388 noctem
648 375 664 400 ‚
696 337 876 389 coiere
901 329 1060 406 lupi,
1082 349 1222 405 quos
1248 328 1505 386 omnibus
1525 329 1668 407 agris

276 417 367 472 Nil
389 437 502 472 non
526 437 656 473 ausa
675 419 849 473 sames
866 417 1032 492 longo
1056 415 1309 470 tenuavit
1329 413 1531 486 hiatus

279 504 319 559 J
322 523 408 557 am
438 502 655 558 stabula
680 502 798 577 ipsa
818 511 1106 577 premunt.
1132 500 1385 575 Torquet
1411 519 1538 575 spes
1565 501 1721 557 irrita

486 589 678 644 fauces
698 628 713 653 ‚

277 671 609 748 Balatusque
635 683 882 727 tremens
900 712 917 740 ‚
947 669 1294 746 pinguesque
1320 669 1390 726 ab
1417 669 1657 728 ovilibus

497 774 665 810 aurae.
991 829 994 831 ‚

279 839 448 915 Quod
468 851 719 915 superest
734 882 748 908 ‚
775 837 930 895 duris
951 837 1288 914 adfrangunt
1310 840 1567 917 postibus

499 942 746 997 ungues,

283 1007 629 1082 Pectoraque
650 1048 667 1077 ‚
695 1020 750 1063 et
778 1006 953 1063 siccos
973 1007 1231 1065 minuunt
1253 1008 1312 1065 in
1338 1008 1579 1086 margine

501 1087 713 1147 dentes.

355 1178 434 1233 At
459 1175 657 1254 procul
682 1176 933 1252 Argolici
960 1177 1198 1253 supplex
1220 1178 1278 1233 in
1297 1178 1486 1234 limine
1511 1180 1707 1254 templi

224 1324 230 1329 ,
284 1264 476 1319 Coetus
493 1303 510 1332 ‚
538 1274 595 1317 et
620 1260 695 1317 ad
711 1262 922 1338 patrias
943 1260 1077 1317 susoe
1102 1261 1432 1337 Pelopeides
1457 1282 1579 1318 aras

282 1346 635 1423 Sceptriferae
657 1347 693 1401 J
697 1345 896 1399 unonis
923 1363 1084 1418 opem
1103 1384 1118 1408 ‚
1148 1344 1504 1416 reditumque
1528 1362 1754 1399 suorum

284 1427 605 1503 Exposcuut
627 1445 645 1496 ς
675 1424 963 1500 pictasque
987 1426 1174 1493 sores,
1201 1437 1260 1479 et
1281 1424 1481 1499 frigida
1507 1423 1667 1480 vultu

284 1512 427 1568 Saxa
452 1522 635 1566 terunt
657 1547 676 1575 ‚
702 1528 1016 1583 parvosque
1045 1507 1253 1563 docent
1278 1508 1652 1583 procumbere

506 1604 691 1648 natoS.

285 1676 667 1736 condiderunt
691 1675 802 1747 jam
827 1687 960 1730 *vota
993 1674 1146 1737 diem
1173 1693 1187 1731 z
1215 1695 1329 1731 nox
1346 1673 1540 1735 addita
1567 1693 1732 1734 cunas
1754 1706 1761 1724 .-

284 1762 478 1848 Jungit
495 1800 513 1831 ‚
541 1770 597 1815 et
622 1759 856 1843 aggestis
884 1757 1115 1851 vigilant
1143 1760 1334 1821 altaria
1356 1760 1610 1818 flammis.

280 1854 511 1934 Peplum
537 1852 706 1918 etiam
732 1855 885 1919 dono
903 1904 921 1936 ,
952 1855 1113 1941 cuius
1134 1852 1388 1921 mirabile
1412 1873 1631 1920 textum

282 1945 443 2002 Nulla
469 1967 662 2006 manus
686 1949 888 2006 sterilis
910 1993 927 2021 ‚
957 1971 1064 2007 nec
1095 1949 1388 2007 dissociata
1411 1950 1614 2007 marito

280 2031 550 2088 Versarat
572 2034 807 2090 calathis
824 2077 837 2102 ‚
868 2047 1029 2090 oastae
1058 2034 1326 2092 velamina
1347 2033 1492 2090 divae

280 2114 447 2172 Haud
470 2119 785 2194 spernanda
807 2120 1027 2175 serunt:
1059 2118 1223 2176 variis
1247 2117 1343 2174 ubi
1366 2117 1606 2193 plurima

499 2202 661 2259 floret

283 2290 535 2364 Purpura
558 2286 712 2363 picta
734 2286 914 2343 modis
932 2327 949 2358 ,
975 2286 1263 2363 mixtoque
1280 2285 1598 2344 incenditur
1616 2307 1774 2345 auro.

280 2375 414 2450 Ipsa
438 2371 550 2429 illic
572 2374 756 2449 magni
778 2372 1021 2429 thalamo
1045 2374 1376 2450 desponsata
1404 2371 1674 2430 Tonantis

281 2462 495 2535 Expers
518 2457 779 2514 connubii
799 2499 817 2530 ‚
838 2471 895 2516 et
911 2459 1107 2516 timide
1130 2459 1383 2534 positura
1401 2477 1649 2515 sororem
1667 2498 1684 2530 ,

282 2543 520 2599 Lumine
540 2541 780 2599 demisso
794 2586 810 2614 ,
838 2544 997 2620 pueri
1019 2546 1058 2602 J
1060 2543 1180 2602 ovis
1197 2544 1389 2600 oscula
1410 2543 1548 2598 libat

283 2626 530 2703 Simplex
551 2668 569 2698 ‚
598 2641 655 2684 et
680 2624 928 2685 nondum
947 2629 1113 2686 furtis
1137 2629 1348 2684 offensa
1370 2625 1572 2682 mariti.

281 2711 407 2767 Hoc
435 2724 570 2768 tunc
596 2714 869 2790 Argolicae
892 2727 1146 2771 sanctum
1173 2711 1451 2770 velamine
1470 2719 1683 2765 matres

284 2793 591 2852 Induerant
616 2797 757 2854 ebur
773 2839 792 2867 ‚
819 2812 875 2854 et
897 2799 1158 2876 lacrymis
1181 2809 1495 2872 questuque
1590 2794 1593 2797 ’

509 2883 774 2956 rogabant
797 2902 811 2938 :

355 2985 391 3023 a
411 2964 616 3042 Aspice
643 2965 938 3043 sacrilegas
961 2961 1222 3023 cadmeae
1245 2960 1459 3043 pellicis
1485 2978 1641 3019 arces
1657 2998 1680 3030 ,
