2079 3613
287 338 418 408 364
553 350 994 412 THEBAIDOS‚
1048 350 1192 398 ΜΒ.
1247 351 1385 399 xn.
1485 369 1591 424 292

281 448 319 502 J
322 465 433 501 uno
453 486 469 515 ‚
492 445 620 502 sinu
634 445 819 519 magni
844 456 1021 502 semet
1047 447 1226 502 furata
1248 447 1467 516 mariti,

283 530 533 587 Theseos
547 528 620 585 ad
634 550 823 586 muros
840 571 857 600 ,
884 542 946 585 ut
967 529 1192 586 Pallada
1221 531 1466 586 flecteret
1489 571 1506 600 ,
1534 528 1653 586 ibat
1687 571 1704 600 ‚

281 613 752 691 Supplicibusque
780 615 891 689 piis
920 614 1110 671 faciles
1133 615 1380 691 aperiret
1401 613 1659 673 Athenas

280 703 470 776 Atque
488 699 586 754 ubi
611 720 716 774 per
735 710 962 774 campos
988 719 1182 756 errore
1209 700 1462 756 fatiscere
1480 720 1628 756 vano

277 784 620 842 Immeritam
646 782 875 857 Argiam
890 803 1093 859 supero
1112 784 1358 859 respexit
1390 784 1460 839 ab
1487 803 1591 841 axe
1609 824 1626 849 ,

280 869 535 924 Indoluit
557 869 679 924 visu
698 910 714 937 .,
738 881 792 924 et
806 866 1094 924 lunaribus
1108 867 1271 925 obvia
1285 867 1426 942 bigis

278 953 543 1009 Advertit
571 973 818 1023 currum,
847 952 1180 1029 placidaque
1204 951 1282 1008 ita
1300 971 1439 1009 voce
1460 952 1646 1009 locuta
1663 963 1776 1011 est:

356 1064 386 1094 ι(
407 1043 490 1096 Da
516 1039 651 1094 mihi
678 1040 933 1117 poscenti
956 1059 1155 1096 munus
1176 1039 1352 1096 breve
1377 1079 1393 1109 ,
1420 1038 1667 1115 Cynthia
1686 1081 1702 1111 ,
1733 1042 1782 1099 si

501 1145 628 1201 quis

282 1235 310 1264 «
330 1213 429 1268 Est
451 1213 488 1268 J
492 1209 691 1268 unonis
714 1209 913 1266 honos·
932 1211 1100 1266 Certe
1120 1210 1159 1264 J
1162 1209 1285 1267 ovis
1304 1252 1319 1281 ,
1349 1209 1642 1289 improba,

494 1303 648 1376 jussu
1393 1310 1404 1315 “

276 1409 306 1440 α
330 1390 443 1441 Ter
472 1398 699 1441 noctem
724 1385 1121 1442 Herculeam...
1153 1395 1373 1442 veteres
1399 1383 1498 1441 sed
1525 1383 1686 1440 mitto

489 1469 745 1546 querelas
774 1488 788 1525 ε

277 1579 308 1609 α
328 1558 413 1612 En
430 1555 585 1612 locus
610 1557 814 1614 officio.
845 1557 1069 1613 Cultrix
1090 1556 1468 1633 placidissima
1488 1554 1664 1612 nostri

275 1665 309 1692 α
329 1640 555 1698 Inachis
581 1643 751 1717 Argia
769 1683 785 1712 .,
814 1641 995 1698 cernis
1023 1663 1133 1718 qua
1160 1655 1331 1699 nocte
1358 1654 1594 1718 vagetur
1615 1682 1631 1711 ,

277 1750 305 1780 «
335 1727 457 1782 Nec
476 1727 723 1804 reperire
742 1727 927 1783 virum
950 1725 1134 1783 densis
1155 1742 1326 1803 queat
1349 1747 1504 1803 aegra,

491 1813 737 1870 tenebris
764 1809 792 1868 ’.Ρ
1493 1802 1500 1808 ’

273 1920 303 1950 «ε
332 1898 400 1953 Et
430 1896 528 1953 tibi
547 1896 862 1954 nimbosum
887 1897 1120 1980 languet
1145 1898 1330 1973 jubar.
1362 1899 1572 1955 Exsere
1595 1941 1612 1970 ,

486 2003 671 2059 quaeso
701 2023 718 2055 ‚

268 2092 299 2121 «
325 2069 553 2125 Cornua
569 2111 583 2138 ,
608 2081 664 2125 et
686 2081 904 2125 assueto
930 2072 1170 2147 propior
1194 2083 1418 2160 prpmat
1436 2070 1616 2127 orbita

468 2168 681 2210 rterraS.

267 2266 296 2295 «
318 2242 486 2298 Hunc
510 2261 737 2316 quoque
757 2282 771 2308 ‚
794 2239 891 2315 qui
912 2260 1090 2297 curru
1108 2240 1361 2298 madidas
1390 2241 1492 2297 tibi
1516 2263 1729 2320 pronus

485 2323 735 2381 habenas

264 2436 292 2465 ιι
314 2412 513 2482 Ducit,
543 2411 600 2467 in
624 2411 834 2470 Aonios
849 2412 1043 2491 vigiles
1068 2414 1288 2469 dimitte
1317 2415 1610 2489 Soporem.
1636 2437 1666 2467 >a

334 2498 444 2554 Vix
471 2517 565 2567 ea,
594 2495 721 2554 c'um
748 2493 928 2555 scissis
954 2519 1218 2576 magnum
1238 2504 1358 2555 Dea
1383 2498 1626 2556 nubibus

479 2583 674 2639 orbem

255 2667 522 2725 Protulit:
547 2669 827 2745 expavere
853 2671 1066 2727 umbrae
1085 2715 1100 2740 ‚
1130 2670 1430 2746 fulgorque
1458 2670 1678 2729 recisus

252 2752 538 2810 Sideribus
559 2775 573 2809 ς
608 2754 699 2810 vix
727 2754 849 2830 ipsa
869 2755 994 2812 tulit
1020 2758 1282 2812 Saturnia
1302 2756 1572 2812 flammas-

248 2840 495 2896 Primum
512 2860 612 2916 per
635 2859 863 2914 campos
883 2841 1065 2897 infuso
1092 2839 1298 2897 lumine
1321 2882 1336 2910 ‚
1365 2839 1575 2917 pallam

249 2926 520 3001 Coniugis
550 2926 666 3001 ipsa
683 2945 812 2982 suos
830 2927 1015 2981 noscit
1034 2925 1351 2981 miseranda
1372 2924 1594 2982 labores
1612 2965 1631 2994 ,

251 3014 579 3086 Quanquam
600 3022 753 3067 texta
776 3009 950 3068 latent
969 3053 987 3084 ,
1016 3012 1336 3089 suffusaque
1361 3012 1628 3087 sanguine

468 3105 668 3149 moeret
