2079 3613
460 304 565 379 241
712 301 1162 364 THEBAIDOS‚
1216 303 1357 350 LIB.
1407 304 1516 352 111.
1750 295 1828 353 65

334 429 362 459 κ
380 402 636 461 certetis·
667 401 758 457 Sic
786 399 902 454 fata
928 398 1066 453 mihi
1085 439 1100 468 ‚
1131 397 1415 472 nigraeque
1445 416 1698 453 sororum

334 514 364 545 α
383 495 420 549 J
424 509 657 548 uravere
685 486 857 543 colus,
882 490 1081 542 Manet
1103 485 1224 542 haec
1251 485 1322 538 ab
1349 482 1563 556 origine
1585 482 1781 539 mundi

329 600 358 629 α
380 575 514 631 Fixa
544 574 666 629 dies
690 572 874 641 bello,
904 570 1222 647 populique
1253 571 1311 625 in
1339 567 1533 645 proelia
1557 568 1695 623 nati.

331 686 359 714 α
379 660 547 734 Quod
580 659 692 715 nisi
720 679 808 714 me
832 670 1082 715 veterum
1107 677 1300 733 poenas
1328 655 1538 711 sancire
1562 654 1836 711 malorum

330 771 359 800 «
379 746 692 815 Gentibus.,
722 757 776 802 et
803 743 956 799 diros
982 743 1160 800 sinitis
1186 743 1385 819 punire
1411 752 1653 816 nepotes
1669 784 1687 808 ‚

329 856 359 887 α
379 834 593 889 Arcem
616 832 762 887 hanc
789 843 1078 898 aeternam,
1108 830 1306 887 mentis
1333 830 1574 886 sacraria
1594 841 1799 885 nostrae
1820 870 1836 899 ‚

329 940 359 969 «
380 917 583 971 Testor
595 925 687 984 ῥεῖ
712 915 929 991 Elysios
957 913 1122 969 etiam
1146 913 1284 969 mihi
1310 914 1538 969 numina
1567 914 1753 969 sontes
1771 954 1786 981 ‚

330 1024 359 1054 α
380 1003 513 1077 Ipse
541 1021 712 1069 manu
730 998 989 1067 Thebas,
1018 1010 1394 1074 correptaque
1424 999 1628 1055 moenia
1655 999 1837 1055 fundo

331 1107 360 1137 α
378 1084 676 1139 Excutiam
693 1124 709 1152 ‚
744 1101 1036 1156 versasque
1070 1081 1188 1136 solo
1218 1101 1389 1155 super
1415 1082 1626 1137 Inacha
1651 1096 1801 1138 tecta

337 1192 367 1219 κ
384 1166 686 1223 Effundam
710 1179 922 1236 turres,
953 1186 1016 1221 ac
1044 1178 1236 1242 stagna
1259 1166 1318 1220 in
1344 1165 1551 1222 coerula
1575 1180 1786 1223 vertam

335 1276 365 1305 α
385 1252 574 1308 Imbre
599 1245 921 1328 superjecto
940 1269 954 1305 t
974 1250 1108 1306 licet
1124 1250 1271 1324 ipsa,
1299 1250 1358 1305 in
1379 1250 1602 1306 turbine
1623 1272 1835 1322 rerum,

334 1363 362 1392 ι(
383 1339 421 1394 J
423 1357 531 1394 uno
573 1358 700 1395 suos
736 1327 905 1394 colles
932 1380 949 1408 ‚
989 1335 1376 1413 templumque
1416 1336 1672 1413 amplexa

475 1421 716 1478 laboret.
746 1444 775 1474 >³

398 1508 586 1575 Dixit;
616 1520 671 1565 et
702 1505 926 1564 attoniti
955 1507 1117 1581 jussis
1143 1504 1446 1584 (mortalia
1473 1507 1669 1563 credas

324 1592 605 1671 Pectora)
647 1594 729 1649 sic
765 1592 955 1649 cuncti
996 1612 1341 1667 vocemque,
1382 1592 1708 1667 animosque

479 1679 773 1736 tenebant.

399 1766 528 1821 Non
557 1783 720 1821 secus
750 1783 816 1819 ac
843 1762 1009 1838 longa
1037 1775 1337 1820 ventorum
1361 1782 1503 1838 pace
1540 1762 1781 1822 solutum

334 1851 578 1924 AEquor‚
609 1861 665 1903 et
694 1849 898 1903 imbelli
928 1849 1200 1904 recubant
1225 1850 1324 1903 ubi
1354 1849 1541 1904 littora
1570 1870 1795 1920 somne,

333 1934 719 2008 Silvarumque
750 1950 967 2000 comam,
999 1943 1059 1985 et
1087 1931 1314 1986 abactas
1340 1934 1563 1987 flamine
1588 1933 1765 1987 nubes

329 2016 539 2074 Mulcet
563 2015 713 2072 iners
738 2027 894 2072 aestas
918 2034 933 2071 t
956 2028 1087 2072 tunc
1112 2028 1329 2092 stagna,
1357 2014 1623 2091 lacusque
1649 2017 1838 2076 sonori

328 2105 670 2157 Detumuere
695 2119 708 2156 z
740 2113 930 2175 tacent
957 2099 1210 2157 exhausti
1240 2099 1448 2157 solibus
1480 2113 1689 2157 amnes·

395 2185 623 2242 Gaudet
656 2206 827 2243 ovans
850 2186 1013 2262 jussis
1033 2228 1049 2256 ‚
1080 2199 1135 2242 et
1161 2185 1349 2243 adhuc
1376 2199 1596 2241 temone
1626 2186 1831 2243 calenti

331 2273 377 2325 F
381 2269 633 2339 ervidus‚
668 2270 726 2324 in
752 2270 951 2327 laevum
974 2284 1201 2346 torquet
1226 2269 1511 2326 Gradivus
1535 2267 1797 2326 habenas.

325 2355 567 2428 Jamque
590 2354 696 2409 iter
719 2368 1049 2424 extremum,
1069 2354 1306 2431 coelique
1324 2355 1564 2429 abrupta
1584 2354 1833 2426 tenebat,

330 2438 476 2491 Cum
497 2443 687 2491 Venus
717 2451 850 2494 ante
877 2439 1056 2514 ip505,
1082 2438 1232 2494 nulla
1262 2437 1559 2494 formidine
1586 2458 1835 2514 gressum

327 2521 478 2594 Figit
506 2542 698 2594 equos.
731 2526 964 2579 Cesset-e
990 2539 1169 2594 retro;
1200 2527 1311 2597 jam
1343 2526 1565 2598 jamque
1596 2524 1837 2598 rigentes

323 2603 669 2682 Suppliciter
695 2626 931 2680 posuere
960 2608 1139 2678 jubas,
1169 2612 1330 2663 Tunc
1358 2621 1591 2681 pectore
1617 2628 1832 2663 summo

326 2695 623 2752 Acclinata
652 2696 818 2770 iugc,
856 2694 1190 2767 vultumque
1221 2694 1449 2768 obliqua
1479 2694 1794 2750 madentem
1815 2738 1836 2765 ,

323 2781 528 2856 Incipit
554 2799 567 2833 ε
611 2803 638 2832 «
665 2777 925 2858 (Interea
956 2776 1197 2832 dominae
1225 2776 1459 2852 vestigia
1486 2779 1645 2852 juxta

327 2867 690 2942 Spumantem
718 2864 880 2941 proni
908 2862 1187 2919 mandunt
1214 2862 1514 2919 adamanta
1534 2864 1793 2943 jugales).

407 2975 435 3005 κ
453 2951 604 3008 Bella
633 2953 801 3008 etiam
821 2951 880 3006 in
902 2950 1156 3024 Theba5‚
1178 2969 1331 3010 socer
1353 2971 1389 3009 o
1415 2951 1794 3031 pulcherrime
1813 2995 1829 3025 ,

512 3047 657 3105 bella
