2079 3613
561 282 631 362 75
722 281 1158 347 THEBAIDOS‚
1211 283 1543 334 L113.x11.
1686 274 1811 336 355

324 404 354 434 α
375 381 629 453 Gaudia,
661 395 718 438 et
741 381 1017 458 ingratum
1045 380 1204 459 regni
1229 380 1367 437 mihi
1386 399 1586 438 munus

529 468 786 525 acerbas!

319 575 348 605 α
372 555 459 610 Tu
485 556 753 632 superum
777 574 1023 611 convexa
1042 553 1175 609 licet
1192 597 1206 625 ,
1237 566 1527 629 coetusque
1545 549 1780 628 perenni

321 664 351 693 «
374 646 395 710 (
421 641 608 700 Credo
638 642 907 718 equidem
929 641 954 717 )
978 640 1187 697 virtute
1216 640 1367 697 colas
1396 657 1410 694 ε
1440 637 1578 695 mihi
1598 635 1779 693 flebile

536 747 750 783 numen

318 834 344 862 α
367 808 599 886 Semper
619 811 747 866 eris.
780 813 992 867 Ponant
1016 830 1163 875 aras,
1196 808 1523 885 excelsaque
1548 807 1755 864 Thebae

316 919 344 946 κ
365 896 600 970 Templa
629 896 818 951 dicent
846 913 859 948 z
886 894 981 949 uni
1006 897 1091 951 fas
1116 895 1188 949 sit
1210 894 1401 970 lugere
1427 894 1669 971 parenti.

313 1002 343 1031 α
364 981 435 1035 Et
463 999 646 1048 nunc,
677 978 820 1033 heu!
843 998 965 1052 quae
990 977 1157 1053 digna
1183 978 1569 1049 tibi‘solemnia
1587 1023 1603 1049 ,

532 1083 746 1138 quasve

312 1172 342 1200 ε(
362 1148 600 1224 Largiar
625 1146 960 1224 exsequias?
983 1167 1097 1204 non
1121 1148 1167 1202 si
1193 1147 1394 1219 fatale,
1422 1160 1700 1224 potestaS,

312 1257 340 1284 «
363 1233 583 1307 Argos,
619 1244 676 1287 et
702 1232 967 1307 impulsas
990 1233 1164 1295 cineri
1190 1234 1420 1290 miscere
1443 1235 1711 1328 Mycenas
1740 1270 1758 1303 ,

309 1342 339 1370 c<
360 1314 568 1393 Meque
587 1339 754 1394 super
775 1359 789 1388 ,
823 1318 914 1376 cui
939 1318 1054 1376 vita
1085 1318 1273 1390 nefaS,
1299 1332 1352 1375 et
1372 1318 1639 1394 sanguiue
1657 1319 1776 1376 nati

315 1428 345 1458 (ι
367 1407 559 1460 Partus
587 1405 780 1462 honos.
810 1403 1098 1462 Eademne
1129 1405 1279 1478 dies,
1309 1406 1543 1464 eadem
1527 1406 1701 1483 impia

524 1491 665 1548 bella
1711 1512 1716 1515 “

311 1601 340 1630 ι(
361 1580 444 1634 Te
464 1621 480 1649 ,
509 1600 677 1655 puer,
705 1591 762 1635 et
791 1578 946 1635 ditos
969 1578 1172 1635 misere
1199 1579 1258 1633 in
1280 1581 1515 1634 Tartara
1541 1579 1769 1636 fratres!

308 1687 338 1716 «
363 1665 432 1719 Et
461 1685 610 1720 nunc
635 1663 949 1739 OEdipodae
964 1684 1071 1740 par
1095 1676 1179 1720 est
1204 1665 1427 1721 fortuna
1444 1662 1652 1722 doloris
1672 1706 1689 1737 ,
1715 1729 1718 1732 ,

314 1773 344 1802 α
365 1752 454 1806 Ac
478 1749 619 1805 mihi
649 1771 662 1806 ε
693 1768 861 1826 quam
891 1749 1099 1805 similes
1126 1750 1419 1825 gemimus,
1448 1750 1598 1808 bone
1623 1800 1628 1801 γ

526 1836 820 1912 Juppiter,
852 1836 1081 1891 umbras
1110 1839 1123 1891 1
1575 1861 1576 1864 ¹

286 1921 329 1973 ‘cr
355 1920 560 1995 Accipe
578 1962 594 1990 ,
619 1932 748 1975 nate
765 1962 782 1991 ‚
812 1921 890 1976 tui
916 1941 1065 1976 nova
1090 1917 1393 1976 libamenta
1421 1920 1690 1997 triumphi
1710 1961 1733 1993 ‚

304 2011 334 2059 (ἒ
354 2006 610 2084 Accipe,
643 2019 699 2062 et
725 2007 833 2063 hoc
862 2006 1117 2083 regimen
1145 2003 1391 2077 dextrae,
1419 2006 1729 2082 frontisque

523 2097 777 2171 superbae
1771 2095 1777 2098 ’

299 2200 331 2231 κ
351 2177 627 2247 Vincula,
658 2199 783 2255 quae
805 2178 952 2255 patri
978 2176 1213 2233 nimium
1240 2176 1505 2252 gestanda
1533 2175 1761 2236 dedisti.

297 2286 327 2315 c<
351 2263 567 2336 Regem
582 2275 635 2319 te
651 2283 876 2340 ,regem
898 2276 949 2319 tl
953 2263 1087 2319 istes
1112 2263 1409 2320 Eteocleos
1424 2261 1672 2320 umbrae

230 2421 233 2424 ,
295 2372 330 2400 «ι
351 2348 675 2423 Aspiciant!
698 2371 726 2400 »
754 2348 931 2405 Simul
953 2348 1075 2403 haec
1102 2349 1300 2404 dicens
1320 2391 1334 2419 ‚
1361 2348 1720 2425 crinemque,

514 2450 855 2506 manumque

292 2513 579 2584 Destruit3
609 2533 957 2589 accensaque
983 2514 1153 2573 iterat
1178 2514 1473 2573 violentius
1498 2517 1582 2571 ira
1611 2533 1626 2571 ε

367 2620 398 2651 (ι
418 2601 634 2658 Saevum
661 2597 926 2678 agedum,
957 2600 1342 2674 immitemque
1361 2612 1573 2657 vocent
1603 2618 1791 2659 :nunc

517 2686 715 2743 funera
742 2687 939 2741 Lernae
1771 2733 1813 2750 2,

292 2796 324 2827 «
344 2773 558 2830 Tecum
586 2770 788 2827 ardere
812 2782 966 2828 veto,
994 2773 1218 2847 Longos
1242 2770 1457 2828 utinam
1482 2769 1692 2828 addere

514 2878 709 2915 sensus

212 3007 217 3010 .
286 2968 318 2998 α
343 2943 686 3021 Corporibus
705 2985 722 3012 ‚
753 2944 1002 3021 coeloque
1022 2943 1236 3003 animas
1258 2987 1277 3016 ,
1295 2944 1601 3021 Ereboque

496 3043 760 3088 nocentes
