2079 3613
311 272 1806 335 m

516 451 595 568 S
638 451 1130 570 YLVA
1169 452 1271 586 R
1313 455 1423 569 U
1468 456 1598 573 M

482 678 874 764 LIBER
946 679 1621 792 QUARTUS.

752 962 1302 1021 ι8ΤΑΤΙΌΒ·

668 1079 1198 1136 MARCELLO
1252 1054 1421 1139 sno

859 1200 1221 1246 SALUTEM.

291 1398 509 1483 luvam
542 1423 776 1490 librum,
811 1423 1084 1481 Marcelle
1123 1427 1405 1484 carissime
1427 1466 1445 1498 ‚
1478 1446 1644 1503 quem
1673 1428 1800 1504 pie-

292 1513 392 1570 tati
413 1524 519 1568 tuae
551 1508 896 1564 dedicarem.
925 1511 1083 1566 Reor
1115 1511 1379 1587 equidem
1406 1512 1591 1583 aliter,
1623 1534 1797 1589 quam

287 1597 546 1654 invocato
585 1592 810 1649 numine
854 1593 1084 1649 maximi
1128 1595 1528 1672 ImperatoriS‚
1575 1595 1793 1654 nullum

287 1679 677 1771 opusculum
645 1697 832 1735 meum
863 1679 1115 1756 coepisse.
1146 1680 1257 1738 Sed
1274 1678 1364 1734 hic
1383 1678 1526 1736 liber
1556 1693 1668 1736 tres
1691 1680 1796 1736 ha-

287 1765 404 1821 bet.
443 1740 706 1840 Sequitur
746 1773 988 1838 quarta,
1035 1784 1160 1840 quae
1192 1763 1265 1821 ad
1309 1761 1585 1822 honorem
1630 1776 1793 1821 tuum

283 1852 548 1925 pertinet.
582 1847 769 1905 Primo
801 1861 988 1904 autem
1016 1850 1316 1927 septimum
1342 1848 1624 1906 decimum
1644 1853 1793 1907 Gei-

280 1936 486 1993 manici
531 1934 712 1991 nost'ri
769 1933 1120 1990 consulatum
1191 1934 1445 1991 adoravi.
1518 1934 1784 1993 Secundo

283 2023 488 2100 gratias
531 2019 654 2096 egi,
680 2019 1064 2076 sacratissimis
1095 2023 1217 2097 ejus
1245 2020 1426 2098 epulis
1458 2020 1787 2081 honoratus.

281 2108 476 2166 Tertio
507 2106 657 2162 viam
683 2104 1065 2161 Domitianam
1084 2107 1315 2165 miratus
1346 2125 1465 2162 sum
1483 2148 1497 2174 ,
1520 2124 1644 2181 quae
1664 2124 1791 2179 gra-

281 2193 561 2250 vissimam
592 2209 890 2246 arenarum
917 2211 1133 2248 moram
1166 2191 1403 2248 exemit:
1432 2191 1589 2265 cujus
1611 2188 1788 2245 hene-

276 2279 404 2336 ficio
438 2290 499 2334 tu
531 2294 753 2352 quoque
781 2275 1048 2332 maturius
1081 2275 1379 2352 epistolam
1417 2294 1602 2331 meam
1635 2274 1786 2331 acci-

276 2365 430 2442 pies,
461 2381 629 2439 quam
661 2360 764 2415 tibi
805 2359 863 2416 in
898 2359 1007 2415 hoc
1037 2359 1183 2417 libro
1221 2382 1254 2417 a
1295 2358 1531 2435 Neapoli
1571 2356 1777 2415 scribo,

272 2446 595 2506 Proximum
622 2460 703 2505 est
723 2445 966 2522 lyricum
999 2465 1227 2503 carmen
1252 2446 1322 2501 ad
1340 2444 1668 2521 Septimium
1685 2444 1783 2500 Se-

273 2553 467 2594 verum
489 2572 506 2603 ,
536 2534 826 2607 juvenem,
855 2542 918 2585 ut
950 2529 1087 2598 scis,
1120 2531 1267 2588 inter
1290 2528 1671 2587 ornatissimos
1693 2548 1779 2585 se-

272 2618 445 2677 cundi
484 2616 732 2684 ordinis,
764 2627 924 2672 tuum
956 2614 1187 2691 quidem
1228 2618 1397 2673 etiam
1429 2612 1780 2689 condiscipu-

270 2705 416 2774 lum,
440 2701 540 2759 sed
569 2700 708 2756 mihi
734 2711 929 2755 contra
945 2698 1059 2755 hoc
1081 2707 1303 2775 quoque
1321 2702 1410 2776 jus
1426 2741 1441 2768 ,
1470 2697 1776 2754 arctissime

273 2808 480 2845 carum.
531 2788 658 2843 Jam
703 2784 941 2844 vindicis
985 2786 1164 2840 nostri
1217 2784 1521 2842 Herculem
1558 2783 1777 2859 Epitra-

265 2872 495 2950 pezion,
525 2870 833 2930 secundum
849 2868 1152 2939 honorem,
1182 2891 1349 2946 quem
1376 2870 1447 2925 de
1473 2889 1562 2925 me
1580 2909 1597 2938 ‚
1619 2872 1674 2925 et
1699 2867 1775 2924 de

266 2956 403 3030 ipsis
428 2954 627 3011 studiis
663 2964 936 3022 meretur,
973 2952 1249 3029 imputare
1282 2954 1451 3010 etiam
1497 2951 1598 3009 tibi
1636 2969 1774 3028 pos-

264 3058 408 3097 sum.
424 3039 742 3114 Maximum
765 3040 803 3095 J
805 3038 1007 3100 unium
1027 3037 1312 3115 dignitatis
1338 3052 1393 3095 et
1427 3036 1771 3114 eloquentiae
