2079 3613
446 325 552 384 632
687 321 1125 385 THEBA1n08‚
1178 318 1322 370 mn.
1371 323 1490 371 111d
1721 332 1806 392 ης)

317 444 347 477 κ
366 425 560 492 Exosi‚
588 420 667 477 nil
687 421 854 477 dulce
881 418 1033 473 domi
1059 415 1086 474 ’.Ρ
1110 416 1263 473 nulla
1287 416 1476 472 omina
1498 414 1684 473 curae‘?

315 531 343 559 «
366 508 518 580 Quid
544 528 634 563 me
662 506 843 562 Persei
871 517 1088 561 secreta
1116 503 1188 558 ad
1214 502 1460 558 culmina
1487 500 1688 556 montis
1795 557 1800 564 ‚

316 617 345 647 κ
364 596 456 650 Ire
483 595 662 671 gradu
684 592 927 669 trepida,
945 608 1290 666 superosque
1309 589 1623 662 irrumpere
1644 599 1816 648 coetus

310 698 339 728 α
363 676 603 751 Egistis‘?
628 676 786 754 potui
813 677 1028 752 pariter
1052 674 1268 730 nescire
1283 715 1299 743 .,
1329 671 1454 748 quis
1475 672 1641 729 armis

314 785 343 815 c<
366 763 541 820 Casus
558 808 574 829 ,
603 776 660 818 et
683 776 802 818 atra
828 761 980 831 dies,
1011 778 1137 835 quae
1174 759 1276 814 sati
1300 759 1536 815 exordia
1567 755 1816 827 cunctiS,

311 870 340 900 «
362 852 501 920 Quae
528 849 681 903 mihi.
706 846 961 903 Consulti
990 858 1165 900 testor
1190 843 1498 919 penetralia
1522 842 1720 901 mundi
1735 883 1751 913 ,

311 955 340 984 «
361 935 433 988 Et
453 934 738 991 volucrum
760 932 982 999 affatuS,
1007 943 1067 985 et
1083 942 1139 985 te
1156 973 1171 998 ‚
1191 929 1531 1006 Thymbraee
1546 971 1562 999 ‚
1586 925 1817 986 vocanti
1845 985 1854 998 ρ

311 1040 341 1071 κ
358 1021 485 1072 Non
510 1017 642 1070 alias
660 1029 776 1071 tam
803 1036 941 1070 soeve
964 1015 1101 1068 mihi
1119 1034 1287 1086 ‚quae
1311 1015 1466 1089 signa
1493 1015 1669 1071 futuri

314 1125 345 1153 κ
368 1099 699 1155 Pertulerim
718 1098 855 1154 Vidi
880 1097 1117 1168 ingentis
1142 1109 1403 1167 portenta
1421 1097 1616 1154 ruinae.

316 1209 343 1238 α
367 1184 506 1245 Vidi
531 1182 857 1252 hominum,
881 1179 1197 1254 Divfimque
1222 1181 1408 1251 uelim,
1436 1179 1783 1258 hilaremque

463 1272 760 1343 Megaeram
779 1309 795 1337 .,

316 1380 346 1410 α
366 1359 439 1413 Et
461 1355 752 1411 Lachesim
777 1354 931 1430 putri
959 1365 1292 1410 vacuantem
1318 1353 1501 1418 secula
1527 1371 1726 1430 penso.

318 1442 626 1518 «Projicite
653 1461 806 1497 arma
835 1460 1031 1498 manu.
1059 1442 1213 1497 Deus
1240 1461 1375 1499 ecce
1408 1442 1728 1500 furentibus

465 1526 650 1584 obstat
677 1545 691 1581 :

320 1636 349 1667 α
371 1614 517 1669 Ecce
555 1616 737 1670 Deus!
767 1612 989 1670 Miseri!
1021 1611 1157 1688 quid
1185 1611 1484 1689 pulchrum
1515 1609 1787 1688 sanguine

458 1698 613 1755 victo

318 1809 346 1837 κ
371 1784 612 1842 Aoniam
642 1798 694 1841 et
724 1786 833 1843 diri
860 1797 1111 1844 saturare
1135 1779 1352 1843 novalia
1377 1779 1622 1844 Cadmi?

319 1895 345 1924 α
370 1873 474 1929 Sed
500 1871 640 1947 quid
670 1893 812 1927 vana
841 1870 1024 1927 cano?
1050 1872 1187 1945 quid
1213 1872 1358 1927 fixos
1383 1892 1544 1927 arceo
1569 1870 1773 1928 casus?

319 1981 347 2009 κ
369 1958 605 2014 Ιὴίηιυεό
623 1981 649 2010 »
673 1958 776 2012 Hic
795 1975 990 2033 presso
1011 1956 1219 2031 gemuit
1240 1956 1400 2011 simul
1421 1976 1518 2011 ore
1538 1957 1818 2015 sacerdos,
1877 1980 1888 1995 ¹

317 2039 483 2096 Illum
509 2042 709 2098 iterum
733 2044 1070 2117 Capaneus:
1095 2065 1123 2094 c<
1142 2045 1302 2099 Tu'us
1328 2061 1361 2097 ο
1385 2043 1573 2112 furor,
1603 2063 1778 2120 augur
1798 2085 1819 2112 v

473 2140 528 2187 et
554 2149 653 2184 um

317 2237 345 2265 «
371 2215 485 2269 Ista
510 2214 641 2283 tibi,
673 2226 736 2271 ut
760 2235 954 2273 serves
978 2235 1183 2272 vacuos
1210 2210 1477 2291 inglorius
1499 2216 1719 2291 Argos:

316 2321 345 2350 (t
368 2301 438 2354 Et
465 2311 562 2355 tua
586 2319 704 2354 non
727 2306 975 2374 unquam
996 2302 1321 2377 Tyrrhenus
1338 2313 1589 2376 tempora
1610 2299 1821 2355 circum

319 2408 347 2436 κ
369 2383 613 2459 Clangor
629 2397 743 2440 eata
765 2385 915 2456 Quid
941 2399 1074 2441 vota
1097 2386 1277 2443 virum
1297 2385 1530 2441 meliora
1549 2386 1781 2447 moraris
1795 2384 1825 2440 ἐ’

320 2491 349 2519 α
372 2469 606 2523 Scilicet
630 2482 691 2524 ut
718 2470 877 2525 vanis
904 2470 1100 2526 avibus
1123 2509 1144 2536 ,
1162 2483 1418 2548 natoque
1433 2511 1450 2539 ‚
1473 2470 1751 2546 domoque
1769 2513 1785 2541 ,

314 2575 352 2604 n
372 2550 443 2604 Et
462 2548 722 2603 thalamis
739 2553 960 2624 potiare
984 2556 1199 2625 jacenS,
1229 2554 1483 2611 sileamus
1507 2555 1676 2610 inulti

320 2660 350 2689 ιε
373 2637 603 2713 Tydeos
635 2635 843 2709 egregii
863 2638 1173 2711 perfossum
1195 2648 1397 2710 pectus
1412 2639 1440 2694 ἰ’
1460 2648 1514 2694 et
1543 2658 1696 2693 arma

322 2748 356 2776 α
373 2721 619 2779 Foederis
642 2717 907 2796 abrupti?
930 2719 1089 2796 quod
1112 2722 1157 2776 si
1180 2721 1326 2777 bella
1348 2724 1521 2779 effera
1547 2726 1749 2782 Graios

321 2836 353 2863 α
370 2810 547 2864 Ferre
574 2820 731 2865 vetas
749 2850 764 2875 ‚
793 2808 811 2864 i
837 2806 1092 2864 Sidonias
1116 2807 1332 2884 legatus
1359 2808 1432 2864 ad
1456 2808 1640 2866 urbes,

323 2920 352 2948 «
372 2898 506 2952 Haec
526 2914 725 2970 pacem
747 2896 847 2952 tibi
866 2908 1014 2953 serta
1032 2895 1265 2952 dabunt.
1286 2897 1407 2951 Tua
1426 2916 1650 2973 prorsus
1667 2900 1818 2957 inani

320 3003 347 3033 α
373 2981 558 3036 Verba
580 2979 712 3055 polo
730 3002 922 3039 causas
940 3026 955 3051 ‚
978 2982 1346 3058 abstrusaque
1368 2980 1573 3038 semina
1593 3004 1782 3040 rerum

323 3087 353 3117 α
376 3061 658 3123 Eliciunt?
682 3066 907 3125 miseret
931 3068 1235 3146 Superum,
1261 3068 1308 3124 si
1337 3067 1580 3126 carmina
1609 3088 1779 3137 curae,
