2079 3613
661 266 755 321 161
852 263 1271 325 sYLvARUM,
1323 265 1575 336 1211321.
1688 254 1874 335 ‚447

382 359 546 415 Tunc
573 357 753 435 ipsam
779 357 897 414 solo
926 357 1201 413 reclinem
1224 357 1391 413 effata
1410 356 1579 413 cubili
1607 376 1622 412 ε

325 446 358 505 ,Α
387 464 416 493 α
436 446 694 516 Quonam
711 441 808 498 hic
832 458 1011 518 usque
1029 440 1222 517 pudor
1238 438 1266 496 ’.Ρ
1288 439 1559 517 vacuique
1587 439 1859 497 modestia

600 527 734 583 lecti
763 567 780 596 ‚

382 646 411 675 «
433 622 485 680 Ο
509 625 682 694 mihi,
704 630 1014 680 Laurentes
1029 617 1181 680 inter
1202 620 1410 680 dilecta
1434 622 1650 701 puellas
1664 629 1688 677 ἒ
1786 636 1794 644 ·

380 732 414 758 α
430 707 567 780 Quis
589 727 845 779 morum·‚
868 707 1117 784 fideique
1143 705 1342 765 modus
1359 709 1388 762 ἰ’
1413 727 1770 783 nunquamne

488 859 495 867 ,
538 866 547 867 7
594 791 746 850 virili
764 818 765 823 ¹

378 914 406 943 u
440 889 781 946 Submittere
803 888 985 965 jugo?
1007 890 1200 947 veniet
1215 891 1329 964 jam
1347 888 1556 947 tristior
1581 902 1749 946 oetas:

381 998 408 1026 α
426 977 636 1030 Exerce
657 976 892 1030 formam
911 1015 926 1042 ‚
958 986 1013 1050 et
1033 974 1373 1048 fugientibus
1387 988 1548 1030 utere
1567 972 1744 1029 donis·

379 1083 409 1111 «
432 1058 562 1114 Non
576 1058 707 1114 ideo
722 1056 825 1114 tibi
846 1058 956 1114 tale
979 1059 1155 1115 decus
1172 1098 1188 1127 ‚
1217 1056 1512 1131 vultusque
1534 1057 1805 1134 superbos
1822 1098 1838 1126 ‚

379 1164 408 1193 α
430 1142 634 1215 Meque
661 1140 814 1212 dedi,
835 1140 1035 1201 viduos
1061 1154 1124 1198 ut
1149 1141 1520 1197 transmittare
1546 1161 1653 1217 per
1678 1160 1878 1212 annos,

383 1247 409 1276 α
436 1224 561 1281 Ceu
577 1214 691 1281 non
710 1245 837 1282 cara
858 1225 996 1282 mihi
1014 1247 1027 1280 ε
1048 1225 1180 1283 satis
1198 1267 1215 1296 ,
1245 1244 1280 1280 o
1298 1267 1316 1296 ‚
1339 1223 1688 1300 nimiumque
1710 1263 1727 1293 ‚

586 1311 809 1387 priores

374 1428 402 1458 α
426 1407 761 1484 Despexisse
786 1428 1012 1485 procos,
1034 1411 1116 1466 At
1138 1408 1291 1466 enim
1311 1407 1407 1463 hie
1427 1406 1529 1462 tibi
1555 1406 1824 1484 sanguine

593 1509 715 1553 toto

377 1618 410 1644 «ι
427 1594 665 1651 Deditus
683 1634 700 1664 ‚
731 1614 898 1649 unam
912 1612 1107 1649 omnes
1123 1592 1275 1646 inter
1293 1591 1526 1647 miratur
1541 1634 1555 1660 ,
1582 1605 1871 1666 amatque,

378 1705 407 1733 «
429 1681 551 1737 Nec
576 1682 767 1736 formae
785 1721 803 1750 ‚
823 1700 930 1736 nec
954 1677 1143 1753 stirpis
1169 1697 1339 1752 egens
1367 1695 1381 1730 τ
1406 1698 1536 1734 nam
1563 1677 1731 1736 docta
1773 1696 1876 1753 per

486 1770 491 1771 ⁷
585 1762 783 1820 urbem

373 1871 402 1901 α
428 1848 686 1906 Carmina
701 1889 718 1918 ‚
742 1848 837 1924 qui
864 1848 1098 1921 juvenes
1118 1888 1136 1918 ,
1160 1866 1284 1923 quae
1307 1867 1421 1903 non
1450 1847 1700 1906 didicere

590 1932 793 2012 puellae
818 1930 847 1988 ἐ’

372 2055 401 2084 «
418 2030 585 2088 Hunc
609 2042 663 2086 et
681 2022 933 2085 bissenos
953 2025 1069 2107 (sie
1087 2028 1434 2107 indulgentia
1459 2043 1662 2107 pergat

373 2141 402 2169 α
424 2116 677 2184 Praesidis
695 2115 928 2173 Ausonii
953 2113 1003 2196 !)
1020 2136 1220 2173 cernes
1237 2112 1491 2173 attollere
1506 2117 1685 2172 fasces

372 2224 401 2254 α
420 2204 572 2259 Ante
592 2201 743 2258 diem
766 2217 780 2256 ε
800 2214 952 2257 certe
969 2201 1082 2276 jam
1108 2221 1262 2259 nune
1290 2199 1552 2278 Cybeleia
1576 2202 1738 2259 novit

371 2309 400 2339 α
420 2287 667 2355 Limina,
698 2298 757 2343 et
771 2285 1032 2343 Euboicae
1046 2307 1269 2345 carmen
1280 2284 1417 2364 legit
1433 2285 1525 2342 ille
1546 2285 1782 2364 sybillae.

368 2393 397 2423 α
421 2371 662 2446 Jamque
683 2389 893 2447 parens
916 2370 1115 2427 Latius
1137 2370 1329 2449 (cujus
1348 2391 1699 2448 praenoscere

580 2463 826 2508 mentem

368 2568 396 2597 α
419 2547 529 2603 Fas
552 2546 690 2603 mihi
714 2546 735 2625 )
762 2569 1081 2626 purpureos
1101 2549 1326 2608 habitus
1346 2589 1363 2620 ‚
1390 2550 1695 2628 juvenique

570 2629 778 2689 Curule

371 2754 398 2781 α
421 2727 747 2804 Indulgebit
764 2729 908 2787 ebur
937 2748 951 2786 ε
974 2734 1159 2788 Daeas
1187 2729 1350 2811 (quae
1366 2730 1540 2807 gloria
1557 2733 1735 2808 major
1752 2731 1780 2790 ’.Ρ
1803 2733 1823 2813 )

369 2838 399 2866 «
418 2813 658 2870 Exuvias
671 2855 688 2886 ‚
707 2815 1007 2893 lauro‘sque
1027 2816 1183 2876 dabit
1205 2817 1483 2875 celebrare
1504 2831 1787 2878 recentes,
1822 2885 1826 2889 ,

369 2920 398 2948 κ
420 2898 566 2974 Ergo
583 2918 685 2975 age
699 2942 715 2970 ,
733 2902 901 2975 junge
917 2914 1095 2974 toros,
1111 2917 1290 2980 ,atque
1318 2904 1432 2972 otia
1452 2902 1609 2962 deme

586 2986 845 3058 juventae.

1941 2827 1994 2858 §a
