2079 3613
234 263 237 266 .
285 290 410 364 140
594 298 1030 360 THEBAIDOS‚
1066 298 1224 355 ,ιιι
1281 297 1355 344 v,
1450 295 1561 370 649

277 398 509 473 Angitur
534 394 605 451 ad
630 395 795 450 lituos
812 437 827 464 ‚
855 394 1230 471 periturisque
1251 392 1474 449 invidet
1496 395 1693 452 armis:

351 497 494 550 Ecce
509 494 650 549 fides
662 491 940 568 'Superum
957 491 1199 546 :laceras
1216 511 1342 545 cum
1360 503 1494 546 nata
1506 493 1782 550 Thoantis

275 584 528 643 Advehit
557 584 870 659 exsequias.
901 585 1110 639 Contra
1137 582 1284 638 subit
1311 583 1474 639 obvia
1495 597 1707 654 mater,

275 677 326 735 F
329 679 578 733 emineos
601 690 775 733 coetus
800 676 1240 752 plangentiaque
1268 676 1489 752 agmina
1510 676 1742 734 ducenS.

274 769 354 825 At
377 788 494 824 non
518 769 868 843 magnanimo
892 768 1074 843 pietas
1096 767 1296 841 ignava
1320 771 1587 843 Lycurgo
1613 788 1629 823 ε

214 864 219 871 “
278 860 511 922 Fortior
536 859 626 916 ille
653 859 838 930 malis,
868 859 1255 936 lacrymasque
1282 860 1470 915 insana
1491 861 1745 918 resorbet

281 953 376 1006 Ira
400 954 595 1027 patris.
627 955 824 1027 Longo
849 953 1001 1026 rapit
1028 971 1161 1008 arva
1185 952 1456 1008 morantia
1480 973 1652 1028 passu

283 1037 617 1093 Vociferans
652 1057 665 1091 :
712 1061 740 1090 «
767 1035 870 1093 Illa
906 1048 1094 1093 autem
1127 1036 1352 1091 ubinam
1373 1078 1388 1106 ,
1425 1037 1516 1092 cui
1551 1056 1729 1112 parva

501 1141 715 1178 cruoris

289 1241 318 1270 «
340 1219 560 1275 Laetave
583 1218 782 1274 damna
802 1216 945 1275 mei?
968 1218 1184 1276 vivitne
1203 1216 1230 1274 ’.Ρ
1248 1218 1520 1295 impellite
1540 1231 1777 1295 raptam,

290 1324 319 1355 α
342 1305 512 1360 Ferte
539 1304 635 1364 citi
651 1347 667 1375 ‚
699 1306 949 1361 comites,
971 1307 1127 1360 Faxo
1154 1305 1331 1359 omnis
1350 1305 1537 1361 sabula
1556 1303 1780 1375 Lemni,

293 1409 321 1439 ι(
345 1390 416 1442 Et
442 1402 603 1464 pater
620 1431 636 1458 ,
667 1402 721 1444 et
740 1389 963 1445 tumidae
989 1389 1203 1462 generis
1230 1389 1521 1445 mendacia
1540 1388 1682 1446 sacri

287 1496 317 1524 «
344 1473 690 1530 Exciderint.
713 1498 741 1526 n
777 1475 903 1530 Ibat
919 1515 935 1543 ,
965 1472 1250 1548 letumque
1275 1474 1484 1530 inferre
1509 1472 1785 1548 parabat,

283 1560 432 1613 Ense
459 1558 653 1613 furens
684 1571 867 1633 rapto.
903 1556 1170 1613 Venienti
1198 1557 1447 1614 OEne'ius
1474 1558 1638 1616 heros

288 1641 541 1718 Impiger
571 1643 788 1716 objecta
812 1641 1117 1720 proturbat
1141 1656 1376 1717 pectora
1394 1663 1606 1720 parma.

284 1731 372 1784 Ac
404 1728 565 1785 simul
594 1728 920 1787 infrendens
949 1750 961 1784 ε
1002 1751 1029 1781 «
1052 1727 1198 1786 Siste
1239 1728 1390 1785 hunc
1408 1773 1423 1801 ,
1462 1748 1664 1788 vesane
1686 1770 1703 1800 ‚

498 1818 740 1874 furorem
759 1860 775 1887 ,

291 1933 320 1963 «
346 1912 610 1987 Quisquis
646 1913 733 1969 es!
760 1938 788 1967 »
833 1928 889 1972 et
928 1913 1145 1989 pariter
1179 1914 1509 1988 Capaneus,
1540 1928 1783 1986 acerque

502 1996 734 2052 reducto

282 2091 480 2147 Adfuit
497 2090 920 2166 Hippomedon,
934 2103 1200 2166 rectoque
1217 2091 1611 2165 Erymanthius
1631 2109 1782 2159 ense;

286 2177 373 2232 Ac
397 2177 655 2248 juvenem
682 2173 859 2230 multo
878 2175 1267 2250 perstringunt
1292 2174 1499 2230 lumine
1524 2194 1539 2230 ι
1562 2188 1620 2231 at
1648 2174 1783 2230 inde

281 2260 580 2333 Agrestum
609 2278 715 2334 pro
746 2278 876 2332 rege
903 2276 1119 2314 manus.
1151 2262 1306 2330 Quos
1337 2257 1484 2312 inter
1520 2259 1787 2317 Adrastus

285 2343 512 2410 Mitior,
543 2356 599 2399 et
631 2344 791 2399 sociae
822 2343 1038 2401 veritus
1065 2343 1399 2399 commercia
1424 2340 1574 2398 vittae

283 2426 662 2501 Amphiaraus
696 2428 774 2483 ai't
808 2443 825 2481 ε
862 2452 890 2481 «
910 2432 995 2484 Ne
1015 2470 1030 2498 ‚
1060 2448 1242 2503 quaeso
1266 2428 1278 2483 !
1307 2425 1562 2483 'absistite
1590 2428 1742 2483 ferro
1764 2468 1781 2499 ‚

291 2536 321 2562 c«
342 2515 500 2568 Unus
522 2513 686 2570 avfim
708 2514 928 2589 sanguis
944 2555 960 2583 ,
989 2534 1133 2571 neve
1158 2513 1449 2589 indulgete
1475 2511 1686 2567 furori:

285 2620 317 2647 α
337 2600 537 2672 Tuque
560 2597 732 2673 prior.
750 2622 778 2650 »
801 2600 911 2655 Sed
935 2620 1052 2656 non
1078 2599 1270 2655 sedato
1295 2608 1532 2675 pectore
1551 2598 1784 2672 Tydeus

282 2680 549 2755 Subjicit:
574 2707 602 2735 ιε
615 2684 781 2738 Anne
799 2683 1028 2754 ducem,
1046 2684 1521 2756 servatricemque
1540 2678 1788 2736 cohortis

289 2788 317 2816 c<
338 2765 578 2821 Inachiae
598 2767 830 2841 ingratis
855 2789 1044 2824 eoram
1071 2780 1154 2823 tot
1177 2768 1421 2823 millibus
1448 2764 1620 2821 audes

291 2868 321 2897 «
338 2850 580 2906 Mactare
601 2851 659 2905 in
684 2851 924 2908 tumulos
938 2849 967 2908 ἰ)
986 2850 1204 2929 (quanti
1222 2873 1326 2930 pro
1344 2849 1551 2906 funeris
1568 2847 1715 2903 ultor
1731 2842 1783 2922 l)

299 2953 325 2984 κ
349 2933 467 2988 Cui·
487 2953 748 3009 regnum,
788 2937 1117 3014 genitorque
1156 2937 1342 2995 Thoas
1361 2977 1378 3007 ‚
1419 2946 1478 2991 et
1515 2930 1728 2992 lucidus

503 3018 660 3074 Evan
