2079 3613
286 262 363 302 10
604 245 1051 313 THEBAIDOS‚
1103 250 1247 299 Lm.
1299 252 1357 299 1·
1452 267 1558 308 202
1635 235 1642 243 ’

276 352 410 425 Ipse
440 345 593 415 Deis»,
622 346 847 424 placido
872 345 1132 423 quatiens
1157 360 1351 405 tamen
1375 349 1558 406 omnia
1585 350 1785 420 vultu,

276 432 644 509 stellantique
668 430 821 488 locat
844 431 1001 488 solio.
1031 432 1150 488 Nec
1174 433 1432 510 protinus
1457 435 1574 490 ausi

276 512 587 586 Caelicolae,
619 517 843 574 veniam
869 519 1053 574 donec
1077 531 1243 594 pater
1267 520 1388 596 ipse
1415 521 1650 577 sedendi

277 601 608 678 Tranquilla
625 604 780 678 jubet
807 623 926 660 esse
945 624 1145 661 manua
1169 625 1304 662 mox
1328 606 1495 662 turba
1515 627 1783 683 vagorum

276 687 623 756 semideum,
648 701 712 744 et
737 688 962 746 summis
988 689 1214 765 cognati
1238 690 1482 748 nubibus
1510 713 1724 764 amneS‚

272 778 349 834 Et
372 794 694 852 compressa
722 787 873 832 metu
896 790 1185 833 servantes
1213 797 1498 836 murmura
1525 782 1684 839 venti

274 866 466 922 Aurea
494 874 648 920 tecta
675 861 922 939 replent.
943 862 1127 920 Mixta
1150 883 1405 923 convexa
1431 872 1681 925 Deorum

274 951 570 1025 Maiestate
598 961 875 1017 tremunt3
899 948 1123 1017 radiant
1146 952 1356 1027 majore
1382 973 1582 1011 sereno

276 1035 566 1118 Culmina,
595 1050 648 1093 et
675 1055 878 1093 arcano
906 1037 1170 1101 florentes
1193 1036 1402 1103 lumine
1429 1053 1641 1116 postes,

273 1122 574 1199 Postquam
595 1125 747 1199 jussa
767 1124 925 1200 quies
941 1166 956 1194 ‚
987 1122 1250 1200 siluitque
1272 1125 1576 1186 exterritus
1598 1127 1777 1200 orbiS,

271 1207 483 1285 Incipit
507 1228 579 1265 ex
598 1209 745 1264 alto:
766 1228 941 1284 grave
968 1220 1026 1264 et
1053 1208 1397 1265 immutabile
1423 1214 1632 1270 sanctis

218 1347 223 1353 .
272 1293 505 1351 Pondus
525 1295 687 1351 adest
705 1293 897 1350 verbis
911 1334 926 1365 ,
945 1304 1224 1351 et‘vocem
1239 1295 1381 1348 Fata
1403 1309 1733 1370 sequuntur.

352 1406 384 1447 κ
404 1385 708 1442 Terrarum
735 1385 971 1456 delicta,
1001 1404 1106 1441 nec
1127 1384 1515 1461 exsuperabile
1542 1386 1678 1443 diris

277 1470 626 1548 «Ingenium
662 1472 898 1528 mortale
942 1490 1167 1548 queror.
1214 1474 1473 1544 Quonam
1510 1490 1686 1546 usque

417 1568 726 1614 nocentum

271 1669 301 1702 κ
321 1648 534 1725 Exigor
555 1647 613 1703 in
632 1642 869 1723 poenas?
890 1643 1057 1702 taedet
1082 1642 1271 1701 saevire
1301 1665 1533 1720 corusco

269 1737 573 1797 «Fulmina
616 1758 630 1794 ε
674 1735 1012 1816 jampridem
1046 1735 1358 1815 Cyclopum
1396 1734 1631 1816 operosa

417 1824 689 1882 fatiscunt
1523 1851 1530 1854 ·

264 1940 296 1975 ιι
317 1916 549 1979 Brachia
569 1958 585 1988 ,
617 1929 673 1975 et
699 1914 894 1976 AEoliis
921 1918 1123 1974 desunt
1146 1916 1443 1973 incudibus
1466 1916 1643 1992 ignes·

266 2032 297 2065 κ
319 2013 495 2089 Atque
523 2010 650 2069 ideo
676 2010 913 2066 tuleram
938 2008 1084 2064 falso
1108 2022 1323 2064 rectore
1350 2006 1557 2064 solutos

264 2127 293 2158 α
317 2102 459 2162 Solis
485 2121 686 2184 equoS‚
716 2100 1030 2177 coelumque
1058 2100 1195 2158 rotis
1221 2099 1535 2161 errantibus
1558 2102 1645 2160 uri
1663 2143 1681 2173 ,

264 2220 293 2252 κ
315 2199 389 2256 Et
410 2187 768 2256 Phaetontaea
790 2196 1067 2252 mundum
1092 2193 1348 2270 squalere
1375 2194 1587 2253 favilla.

262 2291 404 2349 «Nil
438 2301 624 2348 actum
653 2302 771 2363 est,
814 2291 1002 2366 neque
1036 2303 1103 2347 tu
1136 2288 1323 2348 valida
1348 2288 1501 2365 quod
1528 2290 1764 2368 cuspide

407 2375 522 2440 late
592 2423 595 2424 ν
850 2439 853 2444 ⁴

261 2486 292 2517 α
311 2464 406 2522 Ire
431 2482 538 2541 per
562 2460 817 2522 illicitum
842 2463 1049 2540 pelago
1069 2504 1086 2534 ‚
1116 2481 1374 2541 germane
1391 2506 1410 2531 ,
1437 2460 1663 2519 dedisti.
1715 2507 1726 2512 -
1799 2459 1804 2464 ’

260 2579 292 2612 κ
312 2558 475 2617 Nunc
509 2556 757 2633 geminas
790 2558 991 2637 punire
1027 2556 1255 2630 domos,
1290 2556 1449 2636 queis
1482 2555 1765 2634 sanguinis

441 2655 639 2701 auctor

255 2750 284 2783 α
305 2730 436 2806 Ipse
458 2749 591 2808 ego,
611 2728 916 2790 descendo.
947 2733 1174 2806 Perseos
1200 2727 1343 2790 alter
1365 2728 1425 2784 in
1446 2728 1630 2803 Argos

253 2843 285 2876 α
304 2820 624 2896 Scinditur-3
664 2823 878 2882 Aonias
904 2823 1025 2882 fluit
1050 2823 1144 2881 hic
1173 2822 1243 2879 ab
1269 2820 1479 2895 origine
1506 2817 1753 2876 Thebas.
1797 2837 1800 2840 ’

252 2939 283 2971 κ
303 2916 461 2975 Mens
476 2913 689 2977 cunctis
707 2918 949 2997 imposta
964 2929 1170 2975 manet.
1187 2917 1326 2991 Quis
1341 2916 1538 2972 funera
1554 2910 1758 2972 Cadmi

216 3019 217 3022 ’
250 3032 280 3066 κ
301 3009 554 3088 Nesciat,
585 3024 642 3073 et
665 3014 835 3073 toties
862 3013 1105 3073 excitam
1129 3033 1161 3071 a
1186 3009 1413 3071 sedibus
1436 3008 1568 3068 imis
