2079 3613
341 306 518 345 2222
603 293 1047 353 ΤΗΕΒΑῙυοε,
1100 269 1462 342 ιιΒ.“νιιι.
1563 291 1672 362 24⁸

276 384 280 389 ‘
336 392 446 463 Qui
470 386 659 448 Ditem
675 433 691 457 ,
719 402 775 444 et
792 387 991 445 Furias
1004 400 1222 445 tantum
1239 429 1256 459 ,
1280 401 1338 445 et
1358 388 1405 445 si
1429 393 1675 465 quandoff

547 486 837 550 regentem
1512 466 1517 477 “
1688 528 1693 535 .

330 561 695 636 Antigonen,
720 559 929 615 moestis
955 557 1143 615 solitus
1165 559 1390 632 pulsare
1422 561 1688 633 querelis.

327 648 509 701 Causa
536 644 696 698 latet.
724 647 851 698 Non
872 641 1023 699 hunc
1049 641 1208 716 Tyrii
1233 660 1351 697 sors
1372 661 1638 719 prospera
1665 646 1828 717 belli,

330 732 572 786 Tantum
595 727 739 784 bella
759 730 974 804 juvant.
1005 728 1210 784 Natum
1234 725 1342 787 hm
1348 739 1611 805 taturque
1629 775 1645 802 ,

554 812 871 889 probatque
900 854 916 883 ‚

329 901 383 955 N
388 918 453 955 ec
470 898 669 956 vicisse
696 897 827 954 velit
846 920 864 964 ς
895 899 994 954 sed
1010 898 1221 973 primos
1239 897 1490 954 cominus
1508 919 1682 969 enseS,

319 986 406 1038 Ἐι
431 983 707 1039 scelerum
735 983 908 1039 tacito
929 983 1158 1039 rimatur
1185 982 1400 1041 semina
1427 996 1582 1040 vom.

334 1069 474 1125 Inde
502 1068 887 1145 epulaessdulces
904 1110 919 1138 ,
944 1068 1247 1142 ignotaque
1275 1067 1473 1142 gaudia
1501 1069 1671 1126 vultu,

329 1152 517 1224 Qualis
534 1167 666 1228 post
690 1158 870 1228 longae
888 1152 1125 1209 Phineus
1148 1152 1360 1226 jejunia
1386 1172 1563 1227 poenae
1578 1195 1594 1223 ‚

329 1238 423 1294 Nil
446 1239 682 1294 stridere
711 1237 864 1293 domi
878 1237 1139 1295 volucres
1165 1251 1226 1293 ut
1246 1238 1416 1294 sensit
1445 1238 1671 1297 abactas
1698 1283 1714 1309 ‚
1805 1278 1809 1282 -

309 1386 310 1390 Ἰ
332 1324 353 1401 (
373 1325 492 1379 Nec
520 1322 651 1378 dum
676 1336 794 1379 tota
810 1321 988 1404 fides)
1012 1322 1207 1380 hilaris
1229 1366 1245 1394 ,
1269 1344 1602 1401 mensasque
1622 1368 1637 1396 ‚

438 1467 441 1472 ,
558 1422 821 1483 torosque
841 1451 857 1476 ‚

331 1496 451 1551 Nec
471 1495 687 1550 turbata
707 1493 841 1549 feris
854 1493 1112 1550 tractavit
1127 1494 1325 1570 pocula
1351 1497 1566 1570 pennis,
1604 1538 1608 1542 -

402 1583 614 1639 Caetera
631 1582 928 1656 Grajorum
957 1580 1106 1636 curis
1128 1623 1142 1649 ‚
1174 1581 1451 1657 armisque
1477 1585 1696 1656 jacebat

329 1670 498 1722 Fessa
521 1666 722 1724 cohors
743 1685 757 1719 ε
775 1664 889 1720 alto
916 1677 1224 1720 castrorum
1251 1685 1317 1720 ex
1339 1686 1532 1743 aggere
1560 1669 1826 1725 Adrastus

329 1751 606 1806 Laetificos
626 1747 794 1823 tenui
805 1746 1068 1826 captabat
1095 1748 1279 1804 corde
1293 1749 1591 1821 tumultus;

323 1841 664 1913 Quanquam
679 1856 824 1912 aeger
848 1834 1035 1906 senio,
1065 1834 1164 1890 sed
1192 1837 1304 1911 agit
1328 1836 1641 1894 miseranda

545 1935 797 1998 potestas

325 2006 626 2081 Invigilaie
653 2006 829 2063 malis.
845 2006 1006 2061 Illum
1034 2025 1213 2062 aercus
1224 2006 1479 2081 undique
1502 2006 1708 2064 clamor

326 2090 698 2165 Thebanique
721 2101 891 2144 urunt
918 2088 1168 2166 sonituS‚
1190 2102 1245 2145 et
1271 2110 1455 2148 amaia
1477 2090 1699 2146 lacessit

330 2172 489 2226 Tibia
510 2191 525 2241 ;
554 2184 671 2227 tum
692 2172 863 2227 nimio
882 2191 1054 2229 voces
1070 2183 1317 2230 marcore
1338 2176 1588 2251 superbae
1604 2217 1620 2244 ‚

327 2256 667 2329 Incertaeque
695 2258 844 2312 faces
870 2269 927 2312 et
950 2259 1063 2330 jam
1085 2256 1225 2320 male
1251 2257 1490 2334 pervigil
1509 2259 1669 2333 ignis.

327 2338 418 2394 Sic
445 2340 541 2395 ubi
560 2357 664 2413 per
689 2341 892 2397 fluctus
913 2361 1025 2397 uno
1053 2342 1187 2399 ratis
1213 2345 1415 2398 obruta
1438 2361 1634 2400 somno

327 2425 620 2481 Conticuit
637 2466 670 2497 ‚.
682 2426 936 2503 tantique
950 2427 1116 2483 maris
1131 2446 1323 2483 secura
1344 2419 1603 2500 juventus

327 2510 669 2569 Mandavere
688 2513 899 2585 animas
920 2533 935 2584 ;
963 2514 1112 2570 solus
1127 2527 1236 2572 stat
1249 2532 1444 2591 puppe
1471 2511 1751 2589 magistet-i

325 2598 597 2675 Pervigil,
621 2598 1004 2676 inscriptaque
1023 2600 1173 2658 Deus
1197 2600 1293 2673 qui
1318 2597 1548 2672 navigat
1574 2595 1723 2653 alno.

328 2688 584 2762 Tempus*
596 2700 713 2742 erat
739 2729 754 2757 ‚
781 2688 1003 2762 junctos
1022 2706 1151 2741 cum
1174 2688 1286 2757 jam
1312 2701 1472 2740 soror
1498 2682 1662 2756 ignea
1690 2731 1695 2740 .

509 2766 522 2776 ’
543 2771 738 2827 Phoebi
899 2781 910 2787 “

331 2856 505 2911 Sentit
532 2876 701 2931 equos
724 2898 739 2926 ‚
770 2856 1109 2931 penitusque
1132 2868 1325 2907 cavam
1350 2850 1452 2907 sub
1476 2852 1600 2911 luce
1621 2867 1817 2932 parata

335 2937 545 2993 Oceani
559 2941 773 3015 mugire
788 2939 1049 3005 domum3
1077 2955 1309 3010 seseque
1329 2951 1627 3012 vagantem

338 3018 560 3096 Colligit
583 3065 594 3082 .
626 3036 679 3078 et
709 3019 1084 3098 motoleviter
1098 3020 1252 3095 sugat
1273 3033 1417 3080 astra
1444 3020 1677 3101 flagello¹
