2079 3613
256 219 381 300 174
568 224 1010 291 munuum,
1061 225 1205 276 mn.
1261 228 1367 276 vr.
1464 228 1569 302 788

245 322 430 397 Tigris
445 362 463 393 ‚
492 323 604 401 agit
629 336 747 380 toto
769 322 1071 379 cedentem
1102 321 1357 379 fervidus
1382 342 1522 380 arvo

245 407 664 485 praecipitatque
692 419 846 464 retro
871 408 1169 482 juvenem,
1198 419 1367 484 atque
1390 407 1448 462 in
1478 419 1632 485 terga

308 491 310 495 ¹
455 495 696 570 eupiunt
718 537 734 565 ‚
779 517 788 525 ·
1467 542 1477 552 .

246 579 520 638 Dentibus
538 579 887 637 horrendum
912 578 1155 637 stridens
1171 622 1187 652 ‚
1215 579 1576 658 geminatque

470 677 686 723 rotatas

235 750 706 825 Multiplicentque
733 769 945 807 manus,
971 748 1218 826 Rapiunt
1247 750 1538 807 conamina
1566 749 1748 821 venti,

243 837 382 892 Pars
401 833 560 891 cadit
583 833 645 889 in
670 846 904 917 caestu53
918 838 1085 892 Motu
1110 836 1414 909 Spartanus
1439 847 1609 891 acuto

244 920 403 997 Mille
435 934 598 981 cavet
621 920 806 997 lapsas
833 921 1049 979 circum
1074 941 1213 979 cava
1239 934 1494 996 tempora
1510 934 1749 992 morter,

247 1005 595 1082 Auxilioque
624 1005 837 1084 pedum
859 1027 871 1060 ε
904 1007 1007 1063 sed
1025 1047 1045 1078 ‚
1071 1025 1186 1061 nou
1210 1017 1402 1061 tamen
1427 1005 1720 1061 immemor

466 1092 634 1162 artis,
1698 1134 1707 1143 .

246 1177 539 1236 Adversus
564 1178 711 1254 fugit
732 1219 749 1247 ,
774 1189 832 1233 et
856 1177 1074 1252 fugiens
1102 1188 1292 1232 tamen
1317 1176 1522 1233 ictibus
1544 1175 1753 1234 obstat.

246 1266 316 1317 Et
330 1265 443 1338 jam
460 1276 761 1338 utrumque
778 1261 958 1332 labor,
969 1261 1321 1340 suspiriaque
1336 1282 1478 1338 aegra
1496 1263 1746 1338 fatigant.

250 1347 489 1402 Tardius
508 1345 600 1402 ille
623 1348 865 1422 premit:
891 1369 994 1405 nec
1012 1351 1127 1425 jam
1143 1348 1237 1404 hic
1259 1347 1525 1404 absistere
1551 1349 1745 1406 velox:

246 1431 581 1506 Defectique
606 1432 771 1489 ambo
792 1435 1056 1512 genibus,
1078 1433 1401 1510 pariterque
1425 1435 1715 1510 quierunt.

245 1514 336 1571 Sic
363 1514 461 1572 ubi
482 1517 647 1592 longa
677 1538 847 1593 vagos
871 1518 1146 1577 lassarunt
1172 1538 1397 1592 aequora
1420 1533 1653 1592 nautam,

243 1603 345 1672 Et,
382 1603 540 1678 signo
566 1606 637 1659 de
653 1621 859 1681 ‘puppe
887 1605 1059 1675 dato,
1085 1624 1328 1681 posuere
1350 1625 1659 1682 parumper

243 1685 506 1752 Brachi-213
540 1687 631 1745 vix
653 1692 875 1764 requies
894 1730 910 1760 ‚
932 1693 1046 1765 jam
1072 1708 1186 1747 vox
1209 1689 1319 1744 ciet
1345 1688 1519 1745 altera
1540 1710 1742 1749 remos».

315 1774 462 1831 Ecce
486 1772 696 1832 iterum.
715 1776 1010 1833 immodice
1035 1776 1359 1835 venientem
1383 1775 1592 1849 eludit,
1622 1788 1681 1835 et

466 1864 577 1920 exit

237 1945 447 2028 Sponte
471 1969 671 2020 ruem,
701 1967 1031 2027 mersusque
1058 1950 1324 2006 humeris,
1355 1948 1674 2007 Effunditur

460 2033 551 2089 ille
1172 2075 1175 2078 -

238 2122 307 2176 In
334 2132 526 2194 caput.
547 2119 944 2193 Assur-gentem
966 2118 1077 2175 alio
1102 2134 1246 2195 puer
1270 2120 1559 2196 improbus
1585 2120 1703 2177 ictu

159 2239 164 2243 ·
236 2204 513 2273 Perculit,
543 2216 860 2278 eventuque
889 2204 1168 2280 impalluit
1193 2205 1311 2283 ipse
1336 2208 1606 2263 secundO.

238 2288 560 2347 Clamorem
584 2285 898 2359 Inachidae,
926 2301 1204 2365 quantum
1239 2309 1355 2346 non
1377 2288 1568 2366 littora
1583 2332 1599 2358 ,

460 2372 692 2441 tollunt,

240 2459 370 2516 Non
399 2477 650 2517 nemora.
680 2458 846 2516 Illum
866 2460 937 2516 ab
957 2460 1131 2518 humo
1156 2473 1455 2519 conantem
1481 2470 1544 2516 ut
1562 2457 1706 2518 vidit

457 2545 738 2602 Adrastus
754 2587 769 2616 ‚

237 2628 662 2710 Tollentemque
678 2653 892 2704 manus»,
909 2646 964 2690 et
980 2655 1099 2690 non
1115 2633 1408 2690 toleranda
1422 2638 1738 2704 parantem:

312 2740 339 2768 «
361 2718 477 2785 Ite,
502 2734 627 2787 ore,
651 2719 784 2776 socii
800 2757 818 2789 .,
846 2718 984 2775 furit
1010 2737 1023 2772 :
1056 2720 1131 2773 ite
1149 2758 1162 2784 ‚
1190 2713 1465 2790 opponite
1487 2711 1738 2783 dextras,

236 2824 264 2852 «
284 2800 587 2870 Festinate5
610 2803 747 2858 furit
763 2846 779 2873 ,
802 2801 1167 2880 palmamque
1194 2811 1251 2853 et
1272 2795 1499 2874 proemia
1525 2798 1698 2855 ferte:

234 2909 262 2938 (ι
286 2890 416 2941 Non
435 2888 622 2959 prim,
651 2889 885 2944 effracto
909 2904 1078 2958 quam
1103 2882 1330 2941 misceat
1356 2902 1451 2939 ora
1475 2883 1702 2941 cerebro
1719 2927 1735 2954 ‚

239 2995 264 3022 κ
291 2968 567 3040 Absistet‚
598 2971 800 3031 video:
827 2968 1159 3029 moriturum
1186 2969 1403 3031 auferte
1433 2971 1676 3029 Lacona.
1703 2992 1731 3022 n
