2079 3613
432 296 540 373 557
678 286 1090 340 THEBAIDOS
1112 284 1327 346 ‚ij113.
1378 282 1486 331 ιν.
1678 271 1797 330 103

305 421 334 450 κ
352 395 549 455 Omnis
574 405 632 449 et
656 391 714 447 in
734 387 957 465 capulo.
987 380 1406 456 Prohibentque
1434 379 1771 454 obstantque
1785 419 1804 448 ,

441 492 726 554 ruuntque
1302 536 1305 539 ὴ

301 592 332 622 ι(
358 568 680 644 spirantum
700 560 877 619 rabie.
909 558 962 616 N
967 576 1032 614 ec
1059 554 1208 613 tristi
1231 552 1555 610 incumbere
1582 550 1734 607 sulco

302 677 334 704 «
353 653 532 723 Cura,
560 649 661 708 sed
686 646 959 706 alternum
989 652 1261 719 cuperent
1284 636 1507 697 haurire
1528 656 1803 695 cruorem.

304 764 333 792 t<
353 738 609 795 Proxima
637 749 897 792 natarum
922 748 1119 788 manus
1146 740 1260 795 est,
1292 726 1512 802 fletique
1543 736 1803 800 nepotes.

303 825 458 879 ‹el-lic
479 822 675 878 orbam
692 823 995 878 Autonoen
1011 856 1028 885 ,
1054 826 1111 869 et
1126 810 1385 868 anhelam
1407 810 1690 868 cernimus
1703 811 1807 867 Ine

304 931 333 962 «
352 909 793 984 Respectantem
817 921 980 960 arcus
1000 941 1017 971 ‚
1050 912 1109 955 et
1133 897 1206 955 ad
1232 899 1401 957 ubera
1428 897 1592 955 dulce

452 1004 808 1069 prementem

305 1102 332 1142 (ς
354 1077 582 1151 Pignu53
615 1086 670 1131 et
694 1071 970 1146 oppositis
995 1068 1247 1124 Semelen
1272 1087 1303 1121 a
1330 1080 1525 1125 ventre
1557 1068 1805 1125 lacertis,

272 1155 278 1161 ’
306 1185 335 1214 κ
357 1160 609 1216 Penthea
634 1160 745 1232 jam
770 1154 963 1212 fractis
995 1152 1239 1228 genitrix
1275 1153 1540 1208 Cadmeia
1564 1152 1767 1228 thyrsis
1787 1194 1804 1222 ‚

305 1269 335 1299 «
355 1244 393 1301 J
396 1266 484 1300 am
499 1243 722 1300 dimissa
736 1243 881 1309 De0,
899 1253 1214 1316 pectusque
1230 1238 1501 1314 adaperta
1515 1250 1811 1293 cruentum

307 1354 336 1383 α
356 1329 682 1405 Insequitur
700 1329 954 1405 planctu.
986 1323 1157 1399 Fugit
1178 1322 1268 1379 ille
1295 1342 1396 1398 per
1417 1323 1544 1380 avia
1564 1321 1771 1378 Lethes
1788 1362 1804 1392 ‚

309 1440 337 1470 α
358 1418 427 1472 Et
451 1414 669 1494 Stygios
686 1458 706 1485 ,
733 1431 1072 1490 superosque
1099 1408 1249 1466 lacus
1266 1449 1284 1480 ,
1313 1407 1411 1466 ubi
1436 1408 1628 1465 mitior
1652 1407 1808 1465 illum

309 1526 338 1557 α
360 1504 491 1558 Flet
505 1515 689 1579 pater,
703 1513 758 1557 et
773 1498 1019 1556 lacerum
1044 1498 1332 1573 componit
1354 1512 1560 1572 corpus
1572 1492 1807 1551 Echion.

309 1612 337 1642 α
358 1589 600 1644 Tristem
625 1606 794 1642 nosco
823 1588 1038 1662 Lycum
1055 1625 1071 1653 ‚
1103 1582 1468 1658 dextramque
1491 1584 1548 1637 in
1574 1594 1728 1657 terga

453 1675 720 1731 reflexum

310 1782 340 1810 t<
367 1757 628 1814 AEoliden
645 1800 659 1825 ‚
677 1759 915 1814 humero
938 1760 1246 1831 jactantem
1269 1746 1441 1812 sunus
1454 1766 1674 1812 onusto·

313 1866 340 1895 α
363 1843 484 1898 Nec
507 1846 639 1898 dum
661 1843 751 1896 ille
778 1856 873 1899 aut
895 1843 1127 1897 habitus
1151 1886 1169 1909 ,
1196 1853 1290 1897 aut
1309 1861 1483 1897 versae
1503 1842 1768 1909 crimina-

452 1929 646 1986 formae

311 2041 340 2070 «
363 2018 548 2073 Mutat
573 2015 803 2074 Aristaeo
828 2011 1083 2090 genitus:
1112 2013 1269 2069 frons
1296 2030 1496 2088 aspera
1521 2032 1696 2069 cornu
1707 2026 1810 2087 est,

313 2126 342 2155 «
363 2101 502 2158 Tela
529 2122 700 2157 manu
715 2143 732 2169 ‚
763 2099 1056 2174 rejicitque
1078 2118 1243 2154 canes
1264 2098 1324 2152 in
1349 2098 1551 2156 vulnus
1574 2097 1810 2158 hiantes.

313 2212 340 2258 ις
362 2189 508 2245 Ecce
537 2199 726 2243 autem
748 2205 950 2262 magna
973 2184 1122 2240 subit
1146 2184 1418 2242 invidiosa
1444 2197 1667 2242 caterva

313 2299 341 2327 α
362 2274 617 2331 Tffntalis
636 2316 653 2345 ‚
681 2287 736 2330 et
764 2269 976 2329 tumido
1004 2283 1309 2347 percenset
1337 2271 1535 2327 funera
1559 2271 1751 2344 luctu,

305 2383 333 2412 α
358 2359 451 2416 Nil
474 2359 693 2435 dejecta
717 2357 876 2414 malis
900 2376 913 2412 :
943 2359 1099 2431 juvat
1123 2356 1375 2432 effugisse
1402 2363 1650 2414 Deorum

307 2467 339 2495 α
359 2444 622 2512 Numina,
644 2456 703 2499 et
719 2443 920 2497 insanae
939 2441 1066 2516 plus
1082 2443 1191 2516 jam
1208 2442 1540 2517 permittere
1554 2444 1811 2520 lingum.»

381 2526 542 2580 Talia
562 2526 695 2581 dum
716 2528 869 2599 patri
895 2527 1045 2582 canit
1071 2528 1403 2585 intemerata
1429 2529 1719 2601 sacerdos,

303 2613 461 2671 Illius
488 2610 651 2667 elatis
678 2612 1005 2665 tremefacta
1027 2631 1314 2685 assurgere
1340 2614 1494 2673 vittis

304 2700 555 2757 Canities
572 2739 589 2768 .,
617 2696 887 2773 tenuique
911 2695 1130 2771 impelli
1154 2699 1423 2772 sanguine
1450 2697 1659 2757 vultus.
1737 2745 1746 2755 .

305 2787 427 2842 Nec
452 2789 566 2862 jam
590 2783 834 2840 firmanti
856 2780 1062 2839 baculo
1080 2824 1096 2854 ‚
1121 2801 1228 2839 nec
1253 2781 1467 2859 virgine
1490 2782 1606 2840 fida

305 2872 520 2929 Nititur
543 2892 557 2942 ;
585 2866 914 2946 erectusque
941 2868 1094 2927 solo:
1129 2893 1159 2924 ι(
1180 2869 1400 2926 Desiste
1428 2872 1710 2940 canend0‚

310 2981 340 3011 α
360 2959 504 3027 Nata
525 3001 542 3027 ‚
572 2959 685 3030 ait;
710 2970 949 3015 externae
971 2958 1103 3015 satis
1129 2970 1211 3016 est
1235 2954 1373 3015 mihi
1396 2955 1542 3015 lucis
1565 2980 1578 3015 ε
1600 2957 1815 3018 inertes

313 3066 342 3098 α
361 3044 675 3105 Discedunt
691 3044 912 3103 nebulae
926 3087 943 3117 ,
969 3059 1026 3102 et
1047 3045 1265 3104 vultum
1287 3044 1450 3123 niger
1472 3046 1630 3107 exuit
1652 3065 1761 3109 aer.
