2079 3613
309 313 437 377 358
502 287 513 293 ”
573 314 1004 377 ramnum,
1058 311 1199 360 ΜΒ.
1254 307 1392 357 x11.
1518 304 1625 375 146

305 420 740 492 Femineumque
765 430 1018 490 gregem,
1044 406 1292 484 quaejam
1316 420 1490 480 super
1513 399 1734 483 agmina
1787 448 1799 457 .

511 507 710 559 Lernae

304 591 432 651 Sola
450 590 606 649 videt
635 605 649 643 t
677 605 793 642 non
821 582 912 638 ille
939 578 1086 638 viam
1106 619 1122 648 .,
1150 594 1457 651 causasque
1475 573 1741 651 requirit,

306 677 564 755 (Quippe
579 683 773 749 patent
788 667 837 748 Ξ)
866 676 1062 722 moesto
1088 662 1189 719 sed
1208 661 1284 718 sic
1306 651 1466 738 prior
1491 669 1735 734 occupat

521 776 652 815 ore:

376 870 404 900 «
427 850 554 919 Quo
575 843 818 908 miserae,
850 858 966 914 quo
994 836 1149 894 fertis
1168 834 1278 895 iter
1293 831 1321 889 ἐ’
1344 831 1628 906 funusque
1683 886 1688 887 ⁷

454 928 457 931 ’
526 924 833 1005 peremptis
1651 974 1654 977 ,

310 1039 337 1068 α
358 1014 603 1089 Speratis
619 1054 635 1084 ,
668 1011 1029 1084 cineremque
1059 996 1237 1063 'il-iris?
1265 1015 1372 1060 stat
1395 996 1629 1077 pervigil
1651 995 1768 1052 illic

307 1124 335 1151 «
355 1099 692 1154 Umbrarum
711 1084 896 1167 custos
912 1136 930 1160 ‚
957 1090 1360 1164 inhumataque
1379 1104 1624 1161 corpora
1644 1080 1765 1158 regi

308 1209 334 1236 «
358 1168 1047 1253 AdnumeratsNusquam
1069 1172 1333 1250 lacrymae
1370 1191 1383 1226 z
1416 1167 1620 1248 procul

520 1286 698 1341 usque
718 1261 900 1340 fugati

305 1378 333 1407 «
353 1344 612 1408 Accessus
630 1348 936 1405 hominum.
969 1345 1109 1401 Solis
1127 1343 1434 1416 avibusque
1466 1338 1712 1413 ferisque

307 1461 335 1491 «
358 1439 448 1497 Ire
467 1435 619 1491 licet.
641 1431 934 1491 Vestrisne
961 1431 1149 1486 Creon
1176 1427 1334 1482 dabit
1358 1441 1549 1500 aequus
1761 1418 1768 1421 ξ

516 1520 792 1577 honorem

306 1633 334 1662 ι(
353 1603 665 1663 Luctibus?
688 1602 929 1659 immites
945 1601 1109 1658 citius
1125 1597 1413 1657 Busiridos
1433 1616 1563 1653 aras
1580 1638 1597 1666 ,

305 1716 334 1746 α
353 1691 694 1767 Odrysiique
713 1690 915 1745 famem
940 1686 1174 1752 stabuli,
1201 1683 1523 1758 Siculosque
1549 1679 1744 1738 licebit

274 1786 330 1831 ⁸⁴«
353 1778 597 1835 Exorare
626 1777 795 1831 Deos,
820 1773 1031 1849 Rapiet
1053 1773 1288 1829 fortasse
1312 1778 1643 1846 precantes,

304 1887 332 1916 ε(
359 1859 380 1940 (
404 1862 464 1919 Si
492 1880 651 1917 mens
676 1872 810 1916 nota
835 1856 1033 1935 mihi.)
1069 1876 1177 1913 nec
1199 1853 1512 1931 conjugalia
1539 1869 1713 1927 supra

304 1973 332 2002 ι(
353 1953 566 2004 Funera
585 1988 601 2018 ,
624 1948 723 2003 sed
756 1944 896 2001 caris
921 1943 1083 2019 longe
1112 1939 1377 1996 mactabit
1399 1937 1470 1994 ab
1489 1936 1721 1992 umbris.

307 2058 338 2086 ιι
357 2032 508 2107 Quin
531 2031 751 2108 fugitis,
775 2030 910 2086 dum
929 2041 1050 2086 tuta
1075 2026 1168 2085 via
1189 2037 1301 2094 est,
1331 2026 1691 2098 Lernamque

519 2135 757 2172 reversae
773 2157 787 2183 ‚

301 2228 331 2257 «t
355 2202 601 2260 Nomina
625 2242 639 2268 ‚
661 2199 816 2276 quod
841 2208 1097 2274 superest
1120 2239 1135 2268 ,
1165 2194 1355 2254 vacuis
1375 2193 1519 2251 datis
1549 2193 1691 2248 orba

526 2284 838 2361 sepulchris
859 2324 874 2350 ‚

301 2399 329 2429 «
354 2372 731 2446 Absentesque
749 2368 962 2425 animas
983 2367 1056 2423 ad
1075 2367 1256 2424 inania
1280 2367 1442 2423 busta
1459 2363 1673 2422 vocatis
1701 2360 1729 2419 ἲ

301 2485 332 2515 α
349 2463 467 2517 Aut
493 2479 593 2516 vos
612 2456 948 2533 Cecropiam
966 2453 1167 2533 (prope
1195 2474 1464 2530 namque,
1485 2442 1543 2509 et
1566 2449 1795 2507 Thesea

513 2546 660 2600 sama
683 2555 766 2599 est

204 2645 208 2651 “
297 2656 327 2685 α
350 2628 864 2687 Thermodontiaco
889 2627 1076 2683 laetum
1094 2644 1343 2682 remeare
1362 2622 1670 2699 triumpho.
1692 2621 1714 2700 )

303 2740 332 2771 α
351 2714 672 2792 Imploratis
693 2733 859 2787 opem
888 2710 1081 2768 ‘.¹³bello
1102 2709 1388 2785 cogendus
1409 2722 1467 2765 et
1488 2709 1657 2765 armis

304 2825 333 2855 «
361 2802 433 2856 In
457 2819 641 2856 mores
661 2841 677 2868 2
706 2797 1098 2872 hominemque
1128 2797 1342 2852 Creon.
1363 2818 1391 2847 >›
1422 2794 1514 2871 Sic
1540 2796 1719 2851 satus:
1746 2802 1809 2847 at

515 2883 622 2939 illis
1035 2943 1041 2948 .

180 3013 183 3014 ν
276 2970 652 3045 ‘Hori-'uetant
673 2961 931 3043 lacrymae
953 3006 968 3036 ‚
994 2965 1322 3041 stupuitque
1344 2963 1602 3018 immanis
1627 2958 1801 3017 eundi

303 3057 559 3132 Impetus
579 3095 596 3126 ,
625 3065 792 3129 atque
819 3071 933 3108 uno
954 3050 1140 3130 vultus
1164 3048 1379 3126 pallore
1400 3045 1600 3106 notati.
1691 3037 1694 3041 '
