2079 3613
265 287 302 347 3
315 290 392 348 28
548 299 951 350 THEBAmos
971 331 987 362 ‚
1044 304 1187 350 Lm.
1240 305 1344 351 x1.
1442 277 1546 357 *211x

267 419 298 449 ιι
321 393 548 474 (Liveat
575 398 867 453 infandum
893 395 1023 453 licet
1046 399 1227 474 Argos
1247 441 1260 468 ,
1289 411 1343 454 et
1371 419 1566 476 aspera

480 484 669 561 Juno)

265 591 292 620 «
317 568 566 634 Debent,
593 567 852 624 Sidonios
874 589 942 623 ex
966 587 1080 642 quo
1112 587 1218 643 per
1243 567 1431 624 littora
1464 582 1657 644 raptor

262 675 289 703 ιι
315 652 578 710 Turbasti
602 653 888 728 ThyaSOS‚
921 652 1179 728 dignatus
1205 655 1416 730 virgine
1439 666 1627 710 nostra

261 764 295 790 ιι
314 741 489 815 Terga
515 741 723 813 premi,
755 752 808 795 et
832 739 1088 813 placidas
1119 739 1318 795 falsum
1345 741 1555 816 mugire
1583 761 1689 816 per
1716 744 1729 751 ’

474 812 680 869 undas!

263 922 293 951 ιι
311 902 430 953 Nec
456 909 512 952 te
539 918 680 952 vana
717 896 860 953 fides
878 940 893 967 ‚
929 896 1134 953 iterum
1161 899 1422 956 Cadmeia
1455 897 1724 974 adeptum

266 1008 293 1035 «
317 982 607 1039 Connubia
625 1026 640 1053 ‚
677 977 732 1039 et
759 983 965 1060 Tyrios
992 983 1225 1040 nimium
1257 984 1519 1061 irrupisse
1670 1061 1673 1062 γ

479 1083 733 1145 penates,
1021 1129 1026 1136 ,
1564 1113 1595 1136 χ
1617 1126 1619 1129 ⁴

260 1176 288 1207 ιι
310 1154 561 1211 Tandem
577 1198 591 1222 ‚
618 1155 847 1231 inquam
868 1198 885 1225 ‚
913 1176 1132 1212 soceros
1149 1195 1166 1224 ,
1192 1155 1511 1231 dilectaque
1534 1158 1733 1213 moenia

477 1254 670 1315 gratus

258 1348 285 1377 «
309 1326 587 1401 RespiciS,
613 1338 959 1400 assertorque
982 1335 1147 1381 tonas
1171 1366 1185 1392 ‚
1218 1346 1321 1381 ceu
1346 1326 1501 1402 regia
1529 1325 1653 1383 coeli

257 1435 286 1464 ιι
311 1413 605 1466 Attentata
634 1412 716 1465 tui
747 1429 759 1464 ε
793 1409 870 1464 sic
903 1422 955 1464 te
981 1429 1089 1482 pro
1114 1409 1360 1464 turribus
1387 1412 1513 1465 altis

257 1520 287 1548 ιι
307 1494 562 1550 Vidim'us
592 1509 876 1571 urgentem
905 1493 1084 1553 nubes
1105 1534 1120 1561 ‚
1149 1491 1368 1566 lateque
1396 1492 1698 1566 benignum

255 1605 288 1630 ιι
309 1579 539 1634 Fulmen
561 1620 577 1648 .,
627 1592 681 1634 et
709 1577 928 1633 auditos
955 1578 1183 1653 proavis
1211 1576 1540 1652 agnovimus
1567 1577 1721 1653 ignes
1744 1600 1757 1634 :

257 1691 284 1718 ιι
307 1666 522 1741 Accipe
542 1685 690 1720 nune
721 1664 1005 1741 pecudeS‚
1038 1676 1095 1718 et
1120 1664 1307 1740 magni
1337 1662 1513 1718 thuris

472 1770 743 1820 acervos,

254 1862 282 1891 ιι
301 1837 684 1914 Votivumque
709 1836 945 1895 marem!
972 1836 1183 1914 Dignas
1203 1837 1305 1894 sed
1332 1838 1582 1913 pendere

464 1936 653 2000 grates

253 2032 280 2062 «
301 2008 469 2065 Haud
489 2011 724 2067 mortale
754 2030 893 2087 opus
922 2021 1002 2064 est
1030 2030 1044 2062 ε
1081 2021 1302 2064 certent
1329 2008 1430 2064 tibi
1456 2010 1695 2067 reddere

480 2096 733 2151 Bacchus

251 2207 280 2235 ιι
302 2182 506 2237 Noster
524 2224 538 2247 ‚
568 2192 625 2235 et
651 2179 896 2235 Alcides,
926 2177 1044 2234 Illis
1065 2179 1188 2236 haec
1216 2183 1418 2237 moenia
1444 2199 1618 2239 serva.
1640 2207 1693 2234 n·

318 2268 551 2321 Dixerat
575 2287 585 2318 :
614 2278 697 2320 ast
719 2262 799 2320 illi
822 2266 982 2341 niger
1007 2263 1149 2340 ignis
1171 2265 1227 2321 in
1262 2288 1360 2322 ora
1387 2286 1676 2341 genasque
1726 2298 1727 2307 κ

244 2350 532 2417 Prosiluit,
563 2361 901 2425 raptumque
928 2351 1100 2406 comis
1129 2351 1385 2409 diadema
1402 2349 1696 2421 cremavit.

246 2439 405 2493 Tunc
440 2437 590 2492 ferus
625 2440 755 2491 ante
795 2437 971 2491 ictum
996 2437 1207 2513 spumis
1238 2434 1474 2491 delubra
1500 2448 1755 2494 cruentat

243 2527 487 2591 TauruS,
526 2535 579 2578 et
608 2521 928 2577 obstantum
955 2521 1155 2578 mediis
1177 2542 1206 2577 e
1238 2519 1474 2577 coetibus
1501 2521 1616 2577 exit

243 2609 532 2666 Turbidus
551 2652 565 2680 ,
590 2609 783 2664 insano
816 2609 1017 2664 feriens
1046 2609 1241 2665 altaria
1270 2628 1462 2663 cornu.

240 2694 554 2770 Diffugiunt
580 2693 769 2752 famuli
791 2736 805 2764 ‚
832 2708 890 2750 et
910 2714 1098 2769 regem
1120 2693 1334 2749 solatur
1369 2712 1633 2768 aruspex.

241 2784 371 2858 Ipse
394 2782 690 2838 instaurari
718 2801 932 2838 sacrum
950 2822 965 2849 ,
997 2780 1140 2835 male
1169 2781 1328 2836 fortis
1352 2821 1369 2849 ‚
1398 2779 1597 2853 agique

242 2870 526 2943 Imperat,
562 2880 619 2923 et
645 2887 873 2942 magnos
897 2866 1027 2920 ficto
1058 2864 1262 2939 premit
1285 2885 1378 2919 ore
1407 2865 1651 2920 timores.

240 2952 431 3026 Qualis
452 2952 546 3006 ubi
571 2951 903 3028 implicitum
932 2947 1265 3025 Tirynthius
1297 2947 1510 3004 ossibus

456 3036 638 3114 ignem
