2079 3613
1641 224 1680 245 Νι..

496 283 592 336 161
723 283 1239 350 AcmLLmnos‚
1288 286 1536 338 L13.1.
1677 281 1806 362 393

308 372 503 436 Dulcis
517 375 698 432 adhuc
714 377 854 434 visu.
852 374 1060 435 Niveo
1074 390 1230 436 natat
1248 381 1392 456 ignis
1405 376 1464 436 in
1488 402 1586 461 ore

307 462 651 534 Purpureus,
678 461 946 537 fulvoque
973 463 1117 520 nitet
1132 484 1292 521 coma
1312 458 1520 540 gratior
1536 487 1695 523 auro.

305 543 425 599 Nec
444 549 572 601 dum
589 567 659 622 pi
662 546 771 601 ima
787 567 931 603 nova
952 548 1215 624 lanugine
1237 551 1473 608 vertitur
1497 565 1627 609 aetas
1647 596 1664 622 ‚

304 629 749 706 Tranquillaeque
775 634 925 689 faces
945 633 1119 690 oculis
1137 676 1153 704 ‚
1185 632 1244 690 οὶ
1263 629 1504 711 plurima
1530 637 1695 694 vultu

247 713 253 716 ’
300 714 490 769 Mater
514 715 679 772 inest.
713 718 905 790 Qualis
922 719 1090 796 Lycia
1108 733 1341 776 venator
1359 721 1568 796 Apollo
1621 736 1626 745 ’

301 799 446 854 Cum
463 801 640 870 redit,
661 815 716 857 et
735 803 891 860 saevis
906 817 1186 878 permutat
1204 805 1418 880 plectra
1440 806 1746 881 pharetris,

297 885 338 936 F
342 901 403 936 01
409 895 462 938 te
489 897 545 938 et
564 883 717 940 laetus
738 885 895 940 adest
916 883 982 962 (
957 908 989 942 o
1010 900 1283 962 quantum
1305 890 1506 965 gaudia
1530 892 1721 948 formae

296 962 621 1039 Adjiciunt.
608 973 619 1003 ⁸
641 965 661 1042 )
692 968 881 1024 soetam
900 969 1139 1026 Pholoes
1166 973 1266 1029 sub
1293 994 1433 1048 rupe
1453 973 1685 1032 leaenam

251 1050 255 1056 ’
295 1049 618 1117 Peiculerat
637 1051 786 1104 ferro
813 1089 830 1119 ,
860 1052 1161 1128 vacuisque
1183 1056 1488 1151 reliquerat
1514 1060 1688 1114 antiis

293 1133 518 1205 Ipsam,
549 1133 649 1188 sed
669 1135 882 1190 catulos
908 1150 1158 1214 asportat
1161 1180 1213 1234 ³
1219 1152 1275 1194 et
1300 1140 1492 1196 incitat
1512 1160 1738 1216 ungues.

296 1220 450 1286 Quas
468 1230 684 1289 tamen,
712 1232 773 1274 ut
794 1220 909 1277 fido
930 1223 1172 1298 genitrix
1198 1224 1254 1279 in
1273 1223 1462 1278 limine
1485 1225 1605 1282 visa
1624 1239 1753 1295 est,

294 1299 539 1374 Abjicit‚
568 1316 977 1380 exceptamque
996 1306 1171 1363 avidis
1199 1308 1405 1366 (fir-cum
1423 1306 1556 1385 ligat
1577 1307 1750 1367 ulnisz

291 1386 328 1438 J
332 1405 419 1439 am
445 1388 629 1461 gravis
647 1389 906 1465 amplexu
925 1432 940 1461 ‚
962 1390 1188 1467 jamque
1208 1413 1399 1469 aequus
1417 1393 1628 1452 vertice

505 1485 688 1529 matri.

287 1552 610 1630 Insequitur
629 1576 829 1632 magno
854 1560 963 1631 jam
996 1572 1130 1616 tunc
1153 1582 1445 1618 connexus
1473 1584 1660 1621 amore

284 1638 607 1709 Patroclus,
629 1643 908 1717 tantisque
937 1645 1258 1702 extenditur
1277 1646 1673 1717 aemulusactis.

284 1724 391 1776 Par
408 1725 637 1795 studiis,
669 1727 880 1800 aevique
903 1728 1113 1799 modiS,
1139 1730 1234 1786 sed
1245 1706 1659 1809 robdrelonge3

283 1806 354 1862 Et
384 1822 571 1864 tamen
595 1808 791 1884 aequali
812 1811 1033 1866 visutus
1053 1814 1156 1867 Pei
1159 1832 1317 1887 gama
1343 1816 1479 1870 fat0.

283 1895 541 1952 Piotinus
556 1894 649 1949 ilte
679 1895 826 1951 subit
848 1897 1079 1972 rapide,
1110 1919 1233 1973 quae
1250 1900 1544 1976 proxima,
1567 1900 1710 1957 saltu

281 1978 569 2050 Flumina,
596 1981 988 2057 fumantesque
1010 2002 1214 2057 genas,
1245 1985 1568 2060 crinemque

495 2079 738 2123 novatur

281 2149 571 2208 Fontibus.
592 2154 812 2209 Eurotae
837 2154 1015 2229 qualis
1041 2156 1182 2213 vada
1209 2156 1408 2212 Castor
1426 2157 1629 2216 anhelo

282 2235 406 2291 Int1
408 2249 463 2291 at
481 2258 667 2314 equo.,
694 2240 838 2296 sessu
849 2260 1013 2316 mque
1033 2243 1117 2297 sui
1140 2241 1306 2317 jubat
1329 2245 1535 2302 excitat
1560 2244 1711 2303 astri.

322 2319 630 2391 Miratur,
659 2324 937 2400 comitque
962 2345 1159 2396 senex,
1189 2348 1339 2384 nunc
1362 2343 1590 2406 pectora

258 2455 262 2458 ,
494 2406 745 2463 mulcens
771 2449 787 2476 ‚

277 2489 447 2545 Nunc
469 2492 645 2546 sortes
662 2490 960 2550 humeros:
991 2475 1205 2571 angunt
1226 2517 1321 2554 sua
1340 2499 1545 2575 gaudia

491 2588 744 2630 matrem.

273 2657 448 2714 Tunc
461 2657 641 2713 libare
669 2659 844 2735 dapes
864 2701 879 2730 ,
908 2661 1283 2737 Bacchaeaque
1308 2682 1533 2722 munera
1555 2666 1767 2724 Chiron
1824 2665 1828 2670 ”

272 2742 411 2798 Orat
435 2787 450 2814 ‚
477 2758 533 2801 et
558 2745 851 2801 attonitam
871 2746 1023 2803 vario
1042 2748 1408 2807 oblectamine
1433 2754 1679 2811 mulcens
1703 2796 1718 2825 ‚

271 2826 436 2884 Elicit
455 2843 708 2887 extremo
725 2831 926 2910 chelyn
944 2874 961 2903 .‚
987 2846 1044 2890 et
1070 2834 1302 2891 sola'ntia
1327 2855 1487 2892 curas

136 2931 141 2934 ·
190 2913 220 2933 κ
268 2910 395 2967 Fila
415 2928 633 2983 movet,
657 2916 964 2993 leviterque
984 2934 1248 2996 expertas
1265 2920 1471 2997 pollice
1490 2922 1727 2982 chordas

267 2998 378 3051 Dat
402 3017 596 3073 puero.
626 3001 791 3061 Canit
816 3001 906 3061 ille
923 3002 1105 3065 libens
1130 3004 1391 3063 immania
1409 3003 1639 3065 laudum

1285 3089 1329 3162 ἒ*
1377 3115 1398 3153 1
1414 3117 1448 3176 7
