2079 3613
320 265 440 325 262
583 266 1023 331 THEBAJDOS,
1068 265 1217 328 LIB.
1273 265 1378 316 Ix.
1494 264 1609 335 455

312 370 618 423 Humentes
641 362 876 421 nebulas
902 360 1192 429 exhaurit,
1221 373 1277 416 et
1303 367 1432 417 a'era
1459 360 1652 418 siccat.

383 456 622 528 Jamque
649 471 821 527 super
848 450 999 525 ripas
1026 459 1270 522 utroque
1298 447 1585 503 extantior
1609 447 1728 503 ibat

310 542 532 615 Aggere
548 580 565 607 ,
594 540 707 612 jam
730 534 977 592 medium
1001 531 1171 588 modo
1191 533 1289 608 qui
1315 546 1682 607 superaverat

519 642 744 678 amnem
1200 679 1203 686 ‚

303 708 706 786 Hippomedon
723 709 970 764 intactus
994 707 1154 782 aquis
1166 747 1183 777 ‚
1211 706 1475 761 humeros
1490 729 1566 786 qu

528 812 837 868 manusque
853 834 868 860 ‚
1337 835 1343 844 .

304 876 548 934 Miratur
572 878 814 934 crevisse
841 876 1046 933 vadum
1063 916 1080 943 ,
1105 894 1331 949 seseque
1359 873 1656 930 minorem.

293 964 455 1017 Hinc
483 974 652 1037 atque
678 961 815 1018 hine
839 959 1042 1018 tumidi
1065 959 1266 1016 fluctus
1284 1001 1299 1027 ,
1318 958 1689 1035 „animosaque

524 1045 699 1119 surgit

306 1133 632 1205 Tempestas
657 1131 835 1186 instar
861 1128 1076 1205 pelagi,
1101 1150 1229 1186 cum
1253 1127 1508 1185 Pleiadas
1532 1127 1744 1197 haurit,

307 1219 409 1271 Aut
434 1217 654 1291 nigrum
679 1216 913 1288 trepidis
938 1214 1202 1291 impingit
1228 1213 1444 1270 Oriona
1469 1215 1677 1269 nautis.

303 1303 432 1354 Non
458 1319 622 1354 secus
647 1319 903 1374 aequoreo
927 1302 1100 1373 jactat
1125 1298 1492 1358 Theumesius
1520 1299 1695 1354 amnis

304 1382 768 1458 Hippomedonta
791 1384 907 1439 salo
924 1424 940 1453 ‚
964 1402 1296 1457 semperque
1314 1382 1561 1439 umbone
1584 1381 1806 1437 sinistro

305 1467 577 1539 Tollitur,
606 1483 664 1525 et
688 1470 951 1546 clypeum
976 1470 1234 1543 nigrante
1261 1468 1588 1544 supervenit
1611 1481 1747 1524 aestu

304 1554 579 1629 Spumeus
604 1552 902 1624 assultans,
932 1554 1223 1627 fractaque
1241 1551 1558 1609 refunditur
1580 1549 1731 1608 unda
1746 1590 1765 1621 ‚

305 1639 375 1693 Et
402 1638 620 1693 cumulo
645 1641 855 1713 majore
877 1633 1053 1706 redit.
1084 1641 1200 1693 Nec
1222 1636 1369 1693 mole
1390 1636 1627 1712 liquenti

302 1725 637 1792 Contentus.‚
669 1725 852 1798 carpit
876 1707 1066 1798 putres
1090 1723 1369 1780 servantia
1397 1724 1550 1800 ripas

301 1808 543 1866 Arbusta
562 1851 578 1882 ‚
609 1828 960 1885 annosasque
987 1809 1205 1879 trabe-S,
1231 1812 1526 1885 ejectaque
1555 1808 1732 1865 fundo

301 1896 441 1950 Saxa
464 1908 631 1951 rotat.
659 1897 782 1951 Stat
806 1915 994 1970 pugna
1015 1895 1201 1970 impar
1221 1895 1501 1970 amnisque
1521 1893 1758 1968 virique,

302 1979 639 2056 Indignante
662 1981 818 2045 De0‚
844 2000 952 2036 nec
978 1981 1129 2035 enim
1153 1981 1252 2034 dat
1277 1993 1433 2056 terga
1449 2021 1466 2048 ‚
1494 1999 1597 2035 nec
1622 1977 1746 2034 ullis

297 2064 599 2140 Frangitur
624 2062 716 2118 ille
743 2063 906 2118 minis
923 2106 937 2132 ‚
968 2062 1369 2139 venientesque
1396 2063 1595 2121 obvius
1618 2062 1798 2127 undat

298 2149 510 2214 Intrat,
538 2159 588 2201 et
616 2147 838 2221 objecta
863 2147 1113 2221 dispellit
1137 2149 1361 2204 flumina
1385 2168 1603 2225 parma.

298 2234 488 2302 Stant,
519 2244 662 2288 terra
687 2230 932 2305 fugiente
950 2272 967 2300 ‚
996 2237 1235 2308 gradus;
1262 2248 1314 2291 et
1341 2232 1560 2310 poplite
1583 2245 1739 2290 tenso

295 2317 532 2375 Lubrica
558 2337 688 2374 saxa
714 2329 897 2388 tenet,
928 2316 1270 2396 genibusque
1296 2320 1565 2391 obnixus,
1586 2331 1645 2381 et

502 2402 711 2459 haerens

292 2486 529 2545 Subruta
555 2487 738 2544 fallaci
763 2501 949 2546 servat
971 2488 1201 2565 vestigia
1226 2488 1356 2547 limo
1377 2531 1394 2561 ‚

362 2573 455 2643 Sic
483 2573 647 2631 etiam
674 2574 1012 2652 increpitans
1037 2596 1052 2633 ε
1083 2597 1111 2627 α
1139 2574 1304 2641 Unde
1329 2574 1446 2639 haec
1461 2617 1481 2644 ,
1505 2578 1715 2633 ismene
1733 2613 1752 2644 ‚

510 2672 744 2735 repente

290 2764 324 2796 n
343 2745 431 2799 Ira
459 2743 557 2800 tibi
577 2742 604 2800 ’ἕ
626 2764 814 2820 quove
831 2745 933 2802 has
960 2744 1175 2802 traxisti
1202 2745 1422 2821 gurgite
1449 2744 1629 2813 vineS,

289 2854 317 2882 α
340 2827 560 2883 Imbelli
581 2829 885 2887 famulante
913 2828 1068 2885 Deo?
1091 2828 1669 2903 solumquecruorem
1694 2870 1699 2875 «

288 2937 314 2964 α
338 2912 636 2969 Foemiueis
661 2925 894 2988 experte
917 2912 1132 2981 choris,
1159 2933 1285 2970 cum
1311 2911 1583 2979 Baechica
1610 2911 1790 2990 mugit

291 3021 319 3052 t<
338 2999 539 3070 Buxus‚
566 3011 622 3057 et
647 2998 854 3060 insanae
880 2997 1165 3059 maculant
1190 2998 1477 3061 trieterida
1500 2994 1785 3058 matres?»
