2079 3613
333 318 458 359 100
641 302 1080 365 THEBMDOS,
1133 303 1278 351 ΗΒ.
1332 303 1436 352 xv.
1532 293 1644 375 433

331 429 361 459 c<
381 402 490 478 Qui
509 398 694 478 plures
715 399 918 467 ErebO,
937 398 1236 474 pluresque
1261 419 1289 453 e
1310 399 1583 473 sanguine
1600 396 1821 467 Cadmi,

329 514 361 543 α
379 492 574 562 Angue
596 498 683 539 ter
712 502 975 551 εκοιιεεο,
1005 496 1063 538 et
1089 484 1339 557 flagranti
1366 484 1573 558 praevia
1596 498 1726 541 taxo
1744 521 1764 548 ,

322 597 359 626 «
377 572 685 647 Tisiphone
703 611 718 636 ‚
743 567 859 622 dux
882 567 1071 641 pande
1099 567 1279 621 diem:
1302 588 1407 624 nec
1420 567 1571 625 -lucis
1594 580 1826 643 egentes

324 679 353 710 κ
373 655 652 712 Cerberus
669 669 903 705 occursu
923 651 1169 727 capitum
1186 649 1521 727 detorqueat
1539 654 1819 710 umbras.»

391 738 645 795 Dixerat.
672 739 745 791 Et
770 735 983 812 pari-tel
1012 734 1619 812 senioi‚1'hoebeiaque
1645 739 1804 814 virgo

315 826 567 881 Erexere
597 820 827 876 animos
858 819 946 874 Illi
977 819 1273 874 formidine
1306 819 1485 890 nulla,

320 906 641 988 (Quippe
626 927 683 960 m
718 903 885 961 coide
918 901 1110 981 Deus)
1146 904 1322 959 solum
1354 918 1566 961 tremor
1594 905 1782 961 obruit

526 993 727 1066 ingens

312 1074 841 1153 OEdipodioniden,
870 1076 1120 1151 vatisque
1141 1074 1428 1132 horrenda
1457 1076 1712 1133 canentis

313 1165 480 1222 Nunc
495 1164 756 1219 humeros
772 1205 787 1227 ,
801 1181 946 1216 nunc
962 1161 1051 1216 ille
1068 1180 1285 1228 manuS,
1302 1174 1357 1217 et
1374 1161 1582 1218 vellera
1602 1172 1817 1238 pressat

311 1248 547 1317 Λυκίης,
576 1246 931 1323 inceptisque
962 1244 1094 1301 velit
1122 1246 1388 1303 desistere
1410 1248 1595 1302 sacris.

312 1331 504 1405 Qualis
526 1330 753 1386 Gaetulae
778 1329 1152 1387 stabulantem
1170 1331 1243 1386 ad
1266 1332 1530 1405 confraga
1556 1328 1704 1389 silvae

308 1421 563 1472 Venator
587 1415 756 1491 longo
785 1428 995 1491 mptum
1021 1416 1262 1470 clamore
1292 1413 1515 1470 leonem

309 1505 648 1579 Exspectat.
677 1505 900 1566 flumans
921 1503 1191 1569 animum,
1216 1515 1272 1558 et
1298 1499 1551 1556 sudantia
1575 1500 1698 1555 nisu

309 1588 450 1645 Tela
482 1609 761 1666 premens.
800 1588 971 1644 Gelat
1006 1606 1106 1642 ora
1138 1605 1321 1663 pavor
1342 1626 1357 1654 ‚
1405 1603 1731 1660 gressusque

536 1675 859 1730 tremiscunt

275 1758 450 1829 =Quis
484 1758 711 1829 veniat,
754 1769 1141 1834 quantusque,
1178 1755 1277 1812 sed
1328 1753 1559 1824 horrida
1600 1752 1756 1833 signa

528 1844 817 1894 sternentis

304 1920 527 1996 Accipit
544 1963 558 1991 ‚
589 1935 644 1979 et
672 1942 814 1978 caeca
839 1925 1071 1979 metitur
1097 1946 1380 1979 murmura
1409 1944 1560 1980 cura.

305 2002 489 2082 Atque
525 2005 620 2061 hic
657 2005 927 2072 Tiresias,
968 2003 1225 2059 nondum
1266 2005 1694 2062 adventantibus

522 2088 732 2145 umbris
750 2107 767 2144 e

380 2197 410 2229 α
430 2176 658 2243 Testor,
683 2175 759 2229 ait
774 2213 789 2242 ‚
807 2171 996 2240 Divae,
1026 2169 1232 2244 quibus
1256 2169 1411 2228 hunc
1438 2175 1803 2233 saturavimus

517 2263 709 2337 ignem
726 2301 744 2327 ‚

287 2374 331 2404 .«
353 2351 632 2420 Laevaque
660 2338 939 2398 convulsae
964 2337 1223 2396 dedimus
1245 2340 1529 2400 carchesia
1551 2355 1713 2400 terrae
1729 2388 1745 2416 ‚

301 2460 334 2490 α
353 2437 391 2490 J
395 2436 483 2488 arn
503 2448 726 2503 nequeo
748 2425 987 2481 tolerare
1004 2443 1250 2479 moram:
1271 2444 1526 2483 cassusne
1543 2430 1798 2491 sacerdos

288 2545 331 2576 γε(
349 2516 570 2575 Audior
590 2519 614 2565 ἒ
633 2532 703 2565 an
731 2509 929 2565 rabido
952 2504 1147 2585 jub'eat
1175 2510 1219 2569 si
1241 2512 1505 2569 Thessala
1535 2527 1705 2575 cantu

296 2629 327 2659 «
348 2599 543 2659 Ibitis?
569 2608 627 2651 et
645 2593 920 2670 Scythicis
942 2594 1162 2672 quoties
1182 2610 1392 2654 armata
1418 2600 1649 2656 venenis

288 2713 328 2744 γι(
349 2683 574 2743 Colchis
594 2693 716 2756 aget
737 2723 753 2751 ‚
787 2682 1009 2757 trepido
1043 2682 1332 2759 passebunt
1357 2695 1565 2740 tartara
1591 2687 1791 2746 motu?

294 2796 326 2827 «
344 2767 534 2828 Nostri
560 2768 689 2823 cura
714 2766 895 2822 minor
911 2810 927 2836 ,
957 2769 1001 2823 si
1025 2788 1143 2822 non
1172 2766 1428 2824 attollere
1449 2768 1627 2826 bustis

294 2882 325 2912 «
345 2858 630 2930 Corpora,
659 2874 762 2917 nec
786 2853 982 2930 plenas
1008 2852 1249 2928 antiquis
1264 2855 1482 2914 ossibus
1507 2875 1676 2911 urnas

189 2975 204 2987 ·
293 2965 323 2996 «
343 2945 600 3016 Egerere,
621 2952 675 2994 et
696 2940 898 2995 mixtos
915 2937 1151 3013 coelique
1171 2938 1445 3016 Erebique
1464 2941 1570 2996 sub
1589 2960 1760 3000 unum

277 3051 320 3093 s<
339 3030 386 3086 F
392 3038 645 3088 unestare
663 3028 812 3086 Deos
832 3025 970 3084 libet
985 3022 1012 3084 ’.Ρ
1027 3038 1125 3087 aut
1144 3026 1444 3102 exsanguia
1468 3024 1616 3085 ferro
