<?xml version="1.0" encoding="UTF-8"?>
<!DOCTYPE html PUBLIC "-//W3C//DTD XHTML 1.0 Transitional//EN"
    "http://www.w3.org/TR/xhtml1/DTD/xhtml1-transitional.dtd">
<html xmlns="http://www.w3.org/1999/xhtml" xml:lang="en" lang="en">
 <head>
  <title>
</title>
<meta http-equiv="Content-Type" content="text/html;charset=utf-8" />
  <meta name='ocr-system' content='tesseract 3.04.00' />
  <meta name='ocr-capabilities' content='ocr_page ocr_carea ocr_par ocr_line ocrx_word'/>
</head>
<body>
  <div class='ocr_page' id='page_1' title='image "./operaadoptimeed00statgoog/operaadoptimeed00statgoog_0196.png"; bbox 0 0 2079 3613; ppageno 0'>
   <div class='ocr_carea' id='block_1_1' title="bbox 320 307 1643 394">
    <p class='ocr_par' dir='ltr' id='par_1_1' title="bbox 320 307 1643 394">
     <span class='ocr_line' id='line_1_1' title="bbox 320 307 1643 394; baseline 0.004 -31"><span class='ocrx_word' id='word_1_1' title='bbox 320 328 445 393; x_wconf 85' lang='lat'><strong>¹7⁰</strong></span> <span class='ocrx_word' id='word_1_2' title='bbox 633 310 1079 376; x_wconf 69' lang='lat' dir='ltr'><strong>mnEBMDOS,</strong></span> <span class='ocrx_word' id='word_1_3' title='bbox 1124 312 1274 394; x_wconf 72' lang='lat'>¹⁴¹¹?·</span> <span class='ocrx_word' id='word_1_4' title='bbox 1332 312 1435 360; x_wconf 75' lang='lat' dir='ltr'><strong>vr.</strong></span> <span class='ocrx_word' id='word_1_5' title='bbox 1532 307 1643 388; x_wconf 83' lang='lat'><strong>675</strong></span> 
     </span>
    </p>
   </div>
   <div class='ocr_carea' id='block_1_2' title="bbox 241 406 1824 2295">
    <p class='ocr_par' dir='ltr' id='par_1_2' title="bbox 312 406 1710 493">
     <span class='ocr_line' id='line_1_2' title="bbox 312 406 1710 493; baseline -0.009 -19"><span class='ocrx_word' id='word_1_6' title='bbox 312 419 486 474; x_wconf 83' lang='lat' dir='ltr'><strong>Sacra</strong></span> <span class='ocrx_word' id='word_1_7' title='bbox 503 456 519 485; x_wconf 97' lang='lat'><strong>,</strong></span> <span class='ocrx_word' id='word_1_8' title='bbox 542 413 642 493; x_wconf 81' lang='lat' dir='ltr'><strong>sed</strong></span> <span class='ocrx_word' id='word_1_9' title='bbox 662 409 887 466; x_wconf 89' lang='lat' dir='ltr'><strong>alternis</strong></span> <span class='ocrx_word' id='word_1_10' title='bbox 912 407 1177 484; x_wconf 78' lang='lat' dir='ltr'>Alpheon</span> <span class='ocrx_word' id='word_1_11' title='bbox 1199 407 1466 482; x_wconf 84' lang='lat' dir='ltr'><strong>utrinque</strong></span> <span class='ocrx_word' id='word_1_12' title='bbox 1489 406 1710 464; x_wconf 80' lang='lat' dir='ltr'><strong>solebat</strong></span> 
     </span>
    </p>

    <p class='ocr_par' dir='ltr' id='par_1_3' title="bbox 312 492 1653 574">
     <span class='ocr_line' id='line_1_3' title="bbox 312 492 1653 574; baseline -0.01 -14"><span class='ocrx_word' id='word_1_13' title='bbox 312 503 498 560; x_wconf 83' lang='lat' dir='ltr'><strong>Metiri</strong></span> <span class='ocrx_word' id='word_1_14' title='bbox 523 497 690 574; x_wconf 90' lang='lat' dir='ltr'><strong>ripis;</strong></span> <span class='ocrx_word' id='word_1_15' title='bbox 723 509 809 563; x_wconf 85' lang='lat' dir='ltr'><strong>et,</strong></span> <span class='ocrx_word' id='word_1_16' title='bbox 841 516 952 570; x_wconf 84' lang='lat' dir='ltr'><strong>qua</strong></span> <span class='ocrx_word' id='word_1_17' title='bbox 980 494 1242 551; x_wconf 87' lang='lat' dir='ltr'><strong>latissima</strong></span> <span class='ocrx_word' id='word_1_18' title='bbox 1269 492 1479 567; x_wconf 76' lang='lat' dir='ltr'><strong>distant</strong></span> <span class='ocrx_word' id='word_1_19' title='bbox 1500 535 1516 561; x_wconf 92' lang='lat'><strong>,</strong></span> <span class='ocrx_word' id='word_1_20' title='bbox 1646 494 1653 497; x_wconf 58' lang='lat'><em>„</em></span> 
     </span>
    </p>

    <p class='ocr_par' dir='ltr' id='par_1_4' title="bbox 311 577 1780 658">
     <span class='ocr_line' id='line_1_4' title="bbox 311 577 1780 658; baseline -0.006 -14"><span class='ocrx_word' id='word_1_21' title='bbox 311 588 443 645; x_wconf 83' lang='lat' dir='ltr'><strong>Non</strong></span> <span class='ocrx_word' id='word_1_22' title='bbox 467 599 712 658; x_wconf 82' lang='lat' dir='ltr'><strong>unquam</strong></span> <span class='ocrx_word' id='word_1_23' title='bbox 739 600 920 636; x_wconf 82' lang='lat' dir='ltr'><strong>merso</strong></span> <span class='ocrx_word' id='word_1_24' title='bbox 942 580 1323 637; x_wconf 83' lang='lat' dir='ltr'><strong>transmittere</strong></span> <span class='ocrx_word' id='word_1_25' title='bbox 1349 577 1575 634; x_wconf 88' lang='lat' dir='ltr'><strong>flumina</strong></span> <span class='ocrx_word' id='word_1_26' title='bbox 1603 577 1780 635; x_wconf 78' lang='lat' dir='ltr'><strong>disco·</strong></span> 
     </span>
    </p>

    <p class='ocr_par' dir='ltr' id='par_1_5' title="bbox 306 656 1824 747">
     <span class='ocr_line' id='line_1_5' title="bbox 306 656 1824 747; baseline -0.005 -20"><span class='ocrx_word' id='word_1_27' title='bbox 306 676 452 746; x_wconf 86' lang='lat' dir='ltr'><strong>Ergo</strong></span> <span class='ocrx_word' id='word_1_28' title='bbox 469 687 711 747; x_wconf 84' lang='lat' dir='ltr'><strong>operum</strong></span> <span class='ocrx_word' id='word_1_29' title='bbox 728 665 909 722; x_wconf 82' lang='lat' dir='ltr'><strong>fidens</strong></span> <span class='ocrx_word' id='word_1_30' title='bbox 924 708 941 737; x_wconf 95' lang='lat'><strong>,</strong></span> <span class='ocrx_word' id='word_1_31' title='bbox 961 685 1083 722; x_wconf 92' lang='lat' dir='ltr'><strong>non</strong></span> <span class='ocrx_word' id='word_1_32' title='bbox 1103 665 1360 742; x_wconf 88' lang='lat' dir='ltr'><strong>protinus</strong></span> <span class='ocrx_word' id='word_1_33' title='bbox 1379 656 1613 721; x_wconf 84' lang='lat' dir='ltr'><strong>horrida</strong></span> <span class='ocrx_word' id='word_1_34' title='bbox 1632 665 1824 741; x_wconf 85' lang='lat' dir='ltr'><strong>campi</strong></span> 
     </span>
    </p>

    <p class='ocr_par' dir='ltr' id='par_1_6' title="bbox 304 748 1714 831">
     <span class='ocr_line' id='line_1_6' title="bbox 304 748 1714 831; baseline -0.005 -18"><span class='ocrx_word' id='word_1_35' title='bbox 304 758 550 831; x_wconf 80' lang='lat' dir='ltr'><strong>Jugera,</strong></span> <span class='ocrx_word' id='word_1_36' title='bbox 579 752 679 809; x_wconf 90' lang='lat' dir='ltr'><strong>sed</strong></span> <span class='ocrx_word' id='word_1_37' title='bbox 704 753 844 808; x_wconf 85' lang='lat' dir='ltr'><strong>coelo</strong></span> <span class='ocrx_word' id='word_1_38' title='bbox 870 751 1130 808; x_wconf 83' lang='lat' dir='ltr'><strong>dextram</strong></span> <span class='ocrx_word' id='word_1_39' title='bbox 1153 749 1415 818; x_wconf 80' lang='lat' dir='ltr'><strong>metitur,</strong></span> <span class='ocrx_word' id='word_1_40' title='bbox 1443 748 1714 826; x_wconf 85' lang='lat' dir='ltr'><strong>humique</strong></span> 
     </span>
    </p>

    <p class='ocr_par' dir='ltr' id='par_1_7' title="bbox 303 833 1820 913">
     <span class='ocr_line' id='line_1_7' title="bbox 303 833 1820 913; baseline -0.008 -11"><span class='ocrx_word' id='word_1_41' title='bbox 303 844 536 903; x_wconf 82' lang='lat' dir='ltr'><strong>Pressu&#39;s</strong></span> <span class='ocrx_word' id='word_1_42' title='bbox 555 851 796 913; x_wconf 84' lang='lat' dir='ltr'><strong>utroque</strong></span> <span class='ocrx_word' id='word_1_43' title='bbox 821 857 969 912; x_wconf 88' lang='lat' dir='ltr'><strong>genu</strong></span> <span class='ocrx_word' id='word_1_44' title='bbox 984 880 999 906; x_wconf 96' lang='lat'><strong>,</strong></span> <span class='ocrx_word' id='word_1_45' title='bbox 1022 835 1259 894; x_wconf 89' lang='lat' dir='ltr'><strong>collecto</strong></span> <span class='ocrx_word' id='word_1_46' title='bbox 1280 835 1575 910; x_wconf 85' lang='lat' dir='ltr'><strong>sanguine,</strong></span> <span class='ocrx_word' id='word_1_47' title='bbox 1602 833 1820 891; x_wconf 87' lang='lat' dir='ltr'><strong>discum</strong></span> 
     </span>
    </p>

    <p class='ocr_par' dir='ltr' id='par_1_8' title="bbox 241 914 1739 1006">
     <span class='ocr_line' id='line_1_8' title="bbox 241 914 1739 1006; baseline -0.004 -25"><span class='ocrx_word' id='word_1_48' title='bbox 241 978 246 981; x_wconf 21' lang='grc' dir='ltr'><strong>Α</strong></span> <span class='ocrx_word' id='word_1_49' title='bbox 307 932 449 1006; x_wconf 89' lang='lat' dir='ltr'><strong>Ipse</strong></span> <span class='ocrx_word' id='word_1_50' title='bbox 475 944 652 1002; x_wconf 72' lang='lat' dir='ltr'><strong>super</strong></span> <span class='ocrx_word' id='word_1_51' title='bbox 670 943 789 980; x_wconf 89' lang='lat' dir='ltr'><strong>sese</strong></span> <span class='ocrx_word' id='word_1_52' title='bbox 815 935 963 979; x_wconf 89' lang='lat' dir='ltr'><strong>rotat</strong></span> <span class='ocrx_word' id='word_1_53' title='bbox 980 965 996 993; x_wconf 94' lang='lat'><strong>,</strong></span> <span class='ocrx_word' id='word_1_54' title='bbox 1027 936 1196 998; x_wconf 88' lang='lat' dir='ltr'><strong>atque</strong></span> <span class='ocrx_word' id='word_1_55' title='bbox 1223 920 1280 976; x_wconf 91' lang='lat' dir='ltr'><strong>in</strong></span> <span class='ocrx_word' id='word_1_56' title='bbox 1305 917 1499 976; x_wconf 85' lang='lat' dir='ltr'><strong>nubila</strong></span> <span class='ocrx_word' id='word_1_57' title='bbox 1527 914 1739 989; x_wconf 78' lang='lat' dir='ltr'><strong>condit.</strong></span> 
     </span>
    </p>

    <p class='ocr_par' dir='ltr' id='par_1_9' title="bbox 312 1004 1654 1084">
     <span class='ocr_line' id='line_1_9' title="bbox 312 1004 1654 1084; baseline -0.007 -13"><span class='ocrx_word' id='word_1_58' title='bbox 312 1013 414 1072; x_wconf 89' lang='lat' dir='ltr'><strong>Ille</strong></span> <span class='ocrx_word' id='word_1_59' title='bbox 446 1012 588 1068; x_wconf 87' lang='lat' dir='ltr'><strong>citus</strong></span> <span class='ocrx_word' id='word_1_60' title='bbox 613 1008 850 1066; x_wconf 83' lang='lat' dir='ltr'><strong>sublime</strong></span> <span class='ocrx_word' id='word_1_61' title='bbox 876 1010 1024 1084; x_wconf 86' lang='lat' dir='ltr'><strong>petit</strong></span> <span class='ocrx_word' id='word_1_62' title='bbox 1046 1050 1062 1079; x_wconf 95' lang='lat'><strong>,</strong></span> <span class='ocrx_word' id='word_1_63' title='bbox 1093 1006 1398 1081; x_wconf 88' lang='lat' dir='ltr'><strong>similisque</strong></span> <span class='ocrx_word' id='word_1_64' title='bbox 1430 1004 1654 1061; x_wconf 81' lang='lat' dir='ltr'>cadenti</span> 
     </span>
    </p>

    <p class='ocr_par' dir='ltr' id='par_1_10' title="bbox 312 1088 1744 1238">
     <span class='ocr_line' id='line_1_10' title="bbox 312 1088 1744 1175; baseline -0.01 -17"><span class='ocrx_word' id='word_1_65' title='bbox 312 1101 527 1175; x_wconf 77' lang='lat' dir='ltr'><strong>Crescit</strong></span> <span class='ocrx_word' id='word_1_66' title='bbox 551 1099 609 1152; x_wconf 91' lang='lat' dir='ltr'><strong>in</strong></span> <span class='ocrx_word' id='word_1_67' title='bbox 629 1097 957 1166; x_wconf 64' lang='lat' dir='ltr'><strong>adversum</strong></span> <span class='ocrx_word' id='word_1_68' title='bbox 980 1092 1327 1169; x_wconf 82' lang='lat' dir='ltr'><strong>tandemque</strong></span> <span class='ocrx_word' id='word_1_69' title='bbox 1347 1089 1653 1148; x_wconf 88' lang='lat' dir='ltr'><strong>exhaustus</strong></span> <span class='ocrx_word' id='word_1_70' title='bbox 1673 1088 1744 1145; x_wconf 90' lang='lat' dir='ltr'><strong>ab</strong></span> 
     </span>
     <span class='ocr_line' id='line_1_11' title="bbox 526 1182 637 1238; baseline -0.018 0"><span class='ocrx_word' id='word_1_71' title='bbox 526 1182 637 1238; x_wconf 90' lang='lat' dir='ltr'><strong>alto</strong></span> 
     </span>
    </p>

    <p class='ocr_par' dir='ltr' id='par_1_11' title="bbox 307 1255 1814 1336">
     <span class='ocr_line' id='line_1_12' title="bbox 307 1255 1814 1336; baseline -0.008 -12"><span class='ocrx_word' id='word_1_72' title='bbox 307 1266 553 1324; x_wconf 80' lang='lat' dir='ltr'><strong>Tardior</strong></span> <span class='ocrx_word' id='word_1_73' title='bbox 571 1265 626 1319; x_wconf 91' lang='lat' dir='ltr'><strong>in</strong></span> <span class='ocrx_word' id='word_1_74' title='bbox 649 1277 859 1321; x_wconf 88' lang='lat' dir='ltr'><strong>terram</strong></span> <span class='ocrx_word' id='word_1_75' title='bbox 878 1261 1028 1319; x_wconf 90' lang='lat' dir='ltr'><strong>redit</strong></span> <span class='ocrx_word' id='word_1_76' title='bbox 1046 1305 1062 1333; x_wconf 94' lang='lat'><strong>,</strong></span> <span class='ocrx_word' id='word_1_77' title='bbox 1088 1273 1258 1336; x_wconf 84' lang='lat' dir='ltr'><strong>atque</strong></span> <span class='ocrx_word' id='word_1_78' title='bbox 1279 1259 1629 1336; x_wconf 83' lang='lat' dir='ltr'><strong>immergitur</strong></span> <span class='ocrx_word' id='word_1_79' title='bbox 1647 1255 1814 1316; x_wconf 85' lang='lat' dir='ltr'><strong>arvis.</strong></span> 
     </span>
    </p>

    <p class='ocr_par' dir='ltr' id='par_1_12' title="bbox 310 1344 1622 1422">
     <span class='ocr_line' id='line_1_13' title="bbox 310 1344 1622 1422; baseline -0.008 -12"><span class='ocrx_word' id='word_1_80' title='bbox 310 1355 404 1411; x_wconf 85' lang='lat' dir='ltr'><strong>Sic</strong></span> <span class='ocrx_word' id='word_1_81' title='bbox 429 1350 575 1407; x_wconf 86' lang='lat' dir='ltr'><strong>cadit</strong></span> <span class='ocrx_word' id='word_1_82' title='bbox 590 1393 605 1417; x_wconf 89' lang='lat'><strong>,</strong></span> <span class='ocrx_word' id='word_1_83' title='bbox 626 1347 875 1404; x_wconf 87' lang='lat' dir='ltr'><strong>attonitis</strong></span> <span class='ocrx_word' id='word_1_84' title='bbox 901 1347 1121 1422; x_wconf 87' lang='lat' dir='ltr'><strong>quoties</strong></span> <span class='ocrx_word' id='word_1_85' title='bbox 1147 1344 1407 1401; x_wconf 84' lang='lat' dir='ltr'><strong>avellitur</strong></span> <span class='ocrx_word' id='word_1_86' title='bbox 1427 1345 1589 1400; x_wconf 87' lang='lat' dir='ltr'><strong>astris</strong></span> <span class='ocrx_word' id='word_1_87' title='bbox 1607 1386 1622 1412; x_wconf 95' lang='lat'><strong>,</strong></span> 
     </span>
    </p>

    <p class='ocr_par' dir='ltr' id='par_1_13' title="bbox 310 1424 1667 1512">
     <span class='ocr_line' id='line_1_14' title="bbox 310 1424 1667 1512; baseline -0.006 -18"><span class='ocrx_word' id='word_1_88' title='bbox 310 1436 453 1495; x_wconf 87' lang='lat' dir='ltr'><strong>Solis</strong></span> <span class='ocrx_word' id='word_1_89' title='bbox 473 1455 652 1512; x_wconf 86' lang='lat' dir='ltr'><strong>opaca</strong></span> <span class='ocrx_word' id='word_1_90' title='bbox 670 1453 824 1490; x_wconf 87' lang='lat' dir='ltr'><strong>soror</strong></span> <span class='ocrx_word' id='word_1_91' title='bbox 846 1451 861 1486; x_wconf 70' lang='grc' dir='ltr'>ε</span> <span class='ocrx_word' id='word_1_92' title='bbox 892 1424 1093 1508; x_wconf 76' lang='lat' dir='ltr'><strong>proo⁸ul</strong></span> <span class='ocrx_word' id='word_1_93' title='bbox 1118 1429 1444 1487; x_wconf 85' lang='lat' dir='ltr'><strong>auxiliantia</strong></span> <span class='ocrx_word' id='word_1_94' title='bbox 1473 1441 1667 1505; x_wconf 84' lang='lat' dir='ltr'><strong>gentes</strong></span> 
     </span>
    </p>

    <p class='ocr_par' dir='ltr' id='par_1_14' title="bbox 241 1512 1716 1664">
     <span class='ocr_line' id='line_1_15' title="bbox 241 1512 1716 1603; baseline -0.006 -25"><span class='ocrx_word' id='word_1_95' title='bbox 241 1590 256 1603; x_wconf 38' lang='lat' dir='ltr'><em>l</em></span> <span class='ocrx_word' id='word_1_96' title='bbox 312 1523 448 1578; x_wconf 85' lang='lat' dir='ltr'><strong>AEra</strong></span> <span class='ocrx_word' id='word_1_97' title='bbox 465 1533 732 1596; x_wconf 78' lang='lat' dir='ltr'><strong>crepant,</strong></span> <span class='ocrx_word' id='word_1_98' title='bbox 758 1520 1079 1593; x_wconf 83' lang='lat' dir='ltr'><strong>frustraque</strong></span> <span class='ocrx_word' id='word_1_99' title='bbox 1107 1517 1308 1572; x_wconf 87' lang='lat' dir='ltr'><strong>timent</strong></span> <span class='ocrx_word' id='word_1_100' title='bbox 1331 1535 1344 1570; x_wconf 73' lang='grc' dir='ltr'>ε</span> <span class='ocrx_word' id='word_1_101' title='bbox 1369 1526 1426 1571; x_wconf 91' lang='lat' dir='ltr'><strong>at</strong></span> <span class='ocrx_word' id='word_1_102' title='bbox 1450 1512 1716 1570; x_wconf 86' lang='lat' dir='ltr'><strong>Thessala</strong></span> 
     </span>
     <span class='ocr_line' id='line_1_16' title="bbox 522 1606 719 1664; baseline -0.02 0"><span class='ocrx_word' id='word_1_103' title='bbox 522 1606 719 1664; x_wconf 80' lang='lat' dir='ltr'><strong>victrix</strong></span> 
     </span>
    </p>

    <p class='ocr_par' dir='ltr' id='par_1_15' title="bbox 314 1687 1617 1763">
     <span class='ocr_line' id='line_1_17' title="bbox 314 1687 1617 1763; baseline -0.008 -11"><span class='ocrx_word' id='word_1_104' title='bbox 314 1693 489 1752; x_wconf 89' lang='lat' dir='ltr'><strong>Ridet</strong></span> <span class='ocrx_word' id='word_1_105' title='bbox 517 1692 871 1758; x_wconf 79' lang='lat' dir='ltr'><strong>anhelantes,</strong></span> <span class='ocrx_word' id='word_1_106' title='bbox 906 1687 1100 1751; x_wconf 83' lang='lat' dir='ltr'><strong>audito</strong></span> <span class='ocrx_word' id='word_1_107' title='bbox 1129 1687 1405 1757; x_wconf 80' lang='lat' dir='ltr'><strong>carmine,</strong></span> <span class='ocrx_word' id='word_1_108' title='bbox 1442 1687 1617 1763; x_wconf 85' lang='lat' dir='ltr'><strong>bigas.</strong></span> 
     </span>
    </p>

    <p class='ocr_par' dir='ltr' id='par_1_16' title="bbox 387 1771 1782 1839">
     <span class='ocr_line' id='line_1_18' title="bbox 387 1771 1782 1839; baseline -0.007 -1"><span class='ocrx_word' id='word_1_109' title='bbox 387 1777 725 1839; x_wconf 59' lang='lat' dir='ltr'><strong>Coitaudant</strong></span> <span class='ocrx_word' id='word_1_110' title='bbox 750 1775 964 1834; x_wconf 87' lang='lat' dir='ltr'><strong>Danai:</strong></span> <span class='ocrx_word' id='word_1_111' title='bbox 996 1771 1097 1829; x_wconf 90' lang='lat' dir='ltr'><strong>sed</strong></span> <span class='ocrx_word' id='word_1_112' title='bbox 1125 1791 1241 1829; x_wconf 90' lang='lat' dir='ltr'><strong>non</strong></span> <span class='ocrx_word' id='word_1_113' title='bbox 1269 1771 1373 1829; x_wconf 91' lang='lat' dir='ltr'><strong>tibi</strong></span> <span class='ocrx_word' id='word_1_114' title='bbox 1402 1772 1567 1829; x_wconf 90' lang='lat' dir='ltr'><strong>molle</strong></span> <span class='ocrx_word' id='word_1_115' title='bbox 1599 1773 1782 1829; x_wconf 87' lang='lat' dir='ltr'><strong>tuenti</strong></span> 
     </span>
    </p>

    <p class='ocr_par' dir='ltr' id='par_1_17' title="bbox 302 1857 1814 1945">
     <span class='ocr_line' id='line_1_19' title="bbox 302 1857 1814 1945; baseline -0.01 -17"><span class='ocrx_word' id='word_1_116' title='bbox 302 1864 711 1945; x_wconf 65' lang='lat' dir='ltr'><strong>Hippomedon</strong></span> <span class='ocrx_word' id='word_1_117' title='bbox 727 1904 745 1934; x_wconf 84' lang='lat'><strong>,</strong></span> <span class='ocrx_word' id='word_1_118' title='bbox 760 1863 1057 1937; x_wconf 86' lang='lat' dir='ltr'><strong>majorque</strong></span> <span class='ocrx_word' id='word_1_119' title='bbox 1068 1871 1549 1933; x_wconf 77' lang='lat' dir='ltr'><strong>manus-speratur</strong></span> <span class='ocrx_word' id='word_1_120' title='bbox 1566 1857 1623 1914; x_wconf 92' lang='lat' dir='ltr'><strong>in</strong></span> <span class='ocrx_word' id='word_1_121' title='bbox 1639 1857 1814 1933; x_wconf 76' lang='lat' dir='ltr'><strong>aequo,</strong></span> 
     </span>
    </p>

    <p class='ocr_par' dir='ltr' id='par_1_18' title="bbox 316 1942 1759 2031">
     <span class='ocr_line' id='line_1_20' title="bbox 316 1942 1759 2031; baseline -0.01 -17"><span class='ocrx_word' id='word_1_122' title='bbox 316 1956 501 2031; x_wconf 75' lang='lat' dir='ltr'><strong>Atque</strong></span> <span class='ocrx_word' id='word_1_123' title='bbox 521 1952 601 2008; x_wconf 93' lang='lat' dir='ltr'><strong>illi</strong></span> <span class='ocrx_word' id='word_1_124' title='bbox 628 1946 944 2024; x_wconf 81' lang='lat' dir='ltr'><strong>extemp10,</strong></span> <span class='ocrx_word' id='word_1_125' title='bbox 981 1943 1073 2001; x_wconf 90' lang='lat' dir='ltr'><strong>cui</strong></span> <span class='ocrx_word' id='word_1_126' title='bbox 1097 1964 1228 2021; x_wconf 86' lang='lat' dir='ltr'><strong>spes</strong></span> <span class='ocrx_word' id='word_1_127' title='bbox 1253 1942 1566 2019; x_wconf 80' lang='lat' dir='ltr'><strong>infringere</strong></span> <span class='ocrx_word' id='word_1_128' title='bbox 1594 1942 1759 1999; x_wconf 89' lang='lat' dir='ltr'><strong>dulce</strong></span> 
     </span>
    </p>

    <p class='ocr_par' dir='ltr' id='par_1_19' title="bbox 315 2026 1821 2107">
     <span class='ocr_line' id='line_1_21' title="bbox 315 2026 1821 2107; baseline -0.012 -9"><span class='ocrx_word' id='word_1_129' title='bbox 315 2038 683 2107; x_wconf 84' lang='lat' dir='ltr'><strong>Immodicas,</strong></span> <span class='ocrx_word' id='word_1_130' title='bbox 705 2036 961 2089; x_wconf 86' lang='lat' dir='ltr'><strong>Fortuna</strong></span> <span class='ocrx_word' id='word_1_131' title='bbox 985 2028 1165 2086; x_wconf 80' lang='lat' dir='ltr'><strong>venit.</strong></span> <span class='ocrx_word' id='word_1_132' title='bbox 1193 2026 1349 2100; x_wconf 85' lang='lat' dir='ltr'><strong>Quid</strong></span> <span class='ocrx_word' id='word_1_133' title='bbox 1373 2027 1599 2082; x_wconf 83' lang='lat' dir='ltr'><strong>numina</strong></span> <span class='ocrx_word' id='word_1_134' title='bbox 1625 2026 1821 2082; x_wconf 76' lang='lat' dir='ltr'><strong>contra</strong></span> 
     </span>
    </p>

    <p class='ocr_par' dir='ltr' id='par_1_20' title="bbox 310 2112 1643 2295">
     <span class='ocr_line' id='line_1_22' title="bbox 310 2112 1643 2189; baseline -0.013 -6"><span class='ocrx_word' id='word_1_135' title='bbox 310 2124 571 2188; x_wconf 88' lang='lat' dir='ltr'><strong>Tendere</strong></span> <span class='ocrx_word' id='word_1_136' title='bbox 599 2120 686 2176; x_wconf 77' lang='lat' dir='ltr'><strong>fas</strong></span> <span class='ocrx_word' id='word_1_137' title='bbox 706 2112 968 2175; x_wconf 77' lang='lat' dir='ltr'><strong>homini?</strong></span> <span class='ocrx_word' id='word_1_138' title='bbox 991 2113 1236 2189; x_wconf 87' lang='lat' dir='ltr'><strong>spatium</strong></span> <span class='ocrx_word' id='word_1_139' title='bbox 1255 2114 1371 2188; x_wconf 88' lang='lat' dir='ltr'><strong>jam</strong></span> <span class='ocrx_word' id='word_1_140' title='bbox 1399 2113 1643 2168; x_wconf 87' lang='lat' dir='ltr'><strong>immane</strong></span> 
     </span>
     <span class='ocr_line' id='line_1_23' title="bbox 538 2194 1496 2295; baseline -0.009 -31"><span class='ocrx_word' id='word_1_141' title='bbox 538 2206 777 2295; x_wconf 71' lang='lat' dir='ltr'><strong>parabat</strong></span> <span class='ocrx_word' id='word_1_142' title='bbox 797 2245 815 2273; x_wconf 91' lang='lat'><strong>,</strong></span> <span class='ocrx_word' id='word_1_143' title='bbox 1488 2194 1496 2201; x_wconf 51' lang='lat'><em>⁶</em></span> 
     </span>
    </p>
   </div>
   <div class='ocr_carea' id='block_1_3' title="bbox 313 2282 1821 2793">
    <p class='ocr_par' dir='ltr' id='par_1_21' title="bbox 313 2282 1821 2793">
     <span class='ocr_line' id='line_1_24' title="bbox 314 2282 1818 2362; baseline -0.013 -6"><span class='ocrx_word' id='word_1_144' title='bbox 314 2304 353 2361; x_wconf 80' lang='lat' dir='ltr'><strong>J</strong></span> <span class='ocrx_word' id='word_1_145' title='bbox 357 2317 447 2355; x_wconf 86' lang='lat' dir='ltr'><strong>am</strong></span> <span class='ocrx_word' id='word_1_146' title='bbox 463 2312 659 2353; x_wconf 76' lang='lat' dir='ltr'><strong>cervix</strong></span> <span class='ocrx_word' id='word_1_147' title='bbox 679 2308 945 2347; x_wconf 82' lang='lat' dir='ltr'><strong>conversa</strong></span> <span class='ocrx_word' id='word_1_148' title='bbox 960 2331 977 2355; x_wconf 87' lang='lat'><strong>,</strong></span> <span class='ocrx_word' id='word_1_149' title='bbox 999 2299 1056 2344; x_wconf 90' lang='lat' dir='ltr'><strong>et</strong></span> <span class='ocrx_word' id='word_1_150' title='bbox 1080 2305 1195 2362; x_wconf 79' lang='lat' dir='ltr'><strong>Jam</strong></span> <span class='ocrx_word' id='word_1_151' title='bbox 1213 2284 1358 2342; x_wconf 87' lang='lat' dir='ltr'><strong>latus</strong></span> <span class='ocrx_word' id='word_1_152' title='bbox 1379 2304 1544 2341; x_wconf 88' lang='lat' dir='ltr'><strong>omne</strong></span> <span class='ocrx_word' id='word_1_153' title='bbox 1564 2282 1818 2340; x_wconf 83' lang='lat' dir='ltr'><strong>redibat:</strong></span> 
     </span>
     <span class='ocr_line' id='line_1_25' title="bbox 314 2368 1696 2454; baseline -0.014 -12"><span class='ocrx_word' id='word_1_154' title='bbox 314 2380 543 2443; x_wconf 83' lang='lat' dir='ltr'><strong>Excidit</strong></span> <span class='ocrx_word' id='word_1_155' title='bbox 567 2391 696 2436; x_wconf 85' lang='lat' dir='ltr'><strong>ante</strong></span> <span class='ocrx_word' id='word_1_156' title='bbox 718 2376 895 2454; x_wconf 85' lang='lat' dir='ltr'><strong>pedes</strong></span> <span class='ocrx_word' id='word_1_157' title='bbox 919 2374 1174 2450; x_wconf 87' lang='lat' dir='ltr'><strong>elapsum</strong></span> <span class='ocrx_word' id='word_1_158' title='bbox 1199 2372 1456 2449; x_wconf 89' lang='lat' dir='ltr'><strong>pondus;</strong></span> <span class='ocrx_word' id='word_1_159' title='bbox 1485 2382 1537 2427; x_wconf 88' lang='lat' dir='ltr'><strong>et</strong></span> <span class='ocrx_word' id='word_1_160' title='bbox 1556 2368 1696 2424; x_wconf 85' lang='lat' dir='ltr'><strong>ictus</strong></span> 
     </span>
     <span class='ocr_line' id='line_1_26' title="bbox 313 2453 1720 2536; baseline -0.016 -9"><span class='ocrx_word' id='word_1_161' title='bbox 313 2466 613 2533; x_wconf 79' lang='lat' dir='ltr'><strong>Destituit,</strong></span> <span class='ocrx_word' id='word_1_162' title='bbox 640 2464 956 2536; x_wconf 78' lang='lat' dir='ltr'><strong>frustraque</strong></span> <span class='ocrx_word' id='word_1_163' title='bbox 982 2459 1208 2516; x_wconf 79' lang='lat' dir='ltr'><strong>manum</strong></span> <span class='ocrx_word' id='word_1_164' title='bbox 1232 2453 1455 2515; x_wconf 74' lang='lat' dir='ltr'><strong>demisit</strong></span> <span class='ocrx_word' id='word_1_165' title='bbox 1477 2454 1720 2510; x_wconf 86' lang='lat' dir='ltr'><strong>inanem.</strong></span> 
     </span>
     <span class='ocr_line' id='line_1_27' title="bbox 315 2540 1715 2634; baseline -0.014 -20"><span class='ocrx_word' id='word_1_166' title='bbox 315 2540 655 2634; x_wconf 76' lang='lat' dir='ltr'><strong>Ingemuere</strong></span> <span class='ocrx_word' id='word_1_167' title='bbox 674 2567 864 2605; x_wconf 88' lang='lat' dir='ltr'><strong>omnes</strong></span> <span class='ocrx_word' id='word_1_168' title='bbox 882 2589 899 2618; x_wconf 97' lang='lat'><strong>,</strong></span> <span class='ocrx_word' id='word_1_169' title='bbox 925 2547 1182 2623; x_wconf 88' lang='lat' dir='ltr'><strong>rarisque</strong></span> <span class='ocrx_word' id='word_1_170' title='bbox 1204 2563 1269 2599; x_wconf 88' lang='lat' dir='ltr'><strong>ea</strong></span> <span class='ocrx_word' id='word_1_171' title='bbox 1294 2543 1410 2600; x_wconf 87' lang='lat' dir='ltr'><strong>visa</strong></span> <span class='ocrx_word' id='word_1_172' title='bbox 1430 2541 1715 2615; x_wconf 84' lang='lat' dir='ltr'><strong>voluptas.</strong></span> 
     </span>
     <span class='ocr_line' id='line_1_28' title="bbox 384 2622 1821 2700; baseline -0.013 0"><span class='ocrx_word' id='word_1_173' title='bbox 384 2640 532 2700; x_wconf 88' lang='lat' dir='ltr'><strong>Inde</strong></span> <span class='ocrx_word' id='word_1_174' title='bbox 548 2638 632 2698; x_wconf 75' lang='lat' dir='ltr'><strong>ad</strong></span> <span class='ocrx_word' id='word_1_175' title='bbox 656 2648 890 2694; x_wconf 77' lang='lat' dir='ltr'><strong>conatus</strong></span> <span class='ocrx_word' id='word_1_176' title='bbox 915 2634 1110 2690; x_wconf 82' lang='lat' dir='ltr'><strong>timida</strong></span> <span class='ocrx_word' id='word_1_177' title='bbox 1135 2630 1288 2688; x_wconf 84' lang='lat' dir='ltr'><strong>subit</strong></span> <span class='ocrx_word' id='word_1_178' title='bbox 1318 2633 1441 2683; x_wconf 78' lang='lat' dir='ltr'><strong>arte</strong></span> <span class='ocrx_word' id='word_1_179' title='bbox 1461 2622 1821 2683; x_wconf 83' lang='lat' dir='ltr'><strong>Menestheus</strong></span> 
     </span>
     <span class='ocr_line' id='line_1_29' title="bbox 315 2718 1636 2793; baseline -0.02 -6"><span class='ocrx_word' id='word_1_180' title='bbox 315 2727 579 2793; x_wconf 87' lang='lat' dir='ltr'><strong>Cautior,</strong></span> <span class='ocrx_word' id='word_1_181' title='bbox 602 2736 659 2780; x_wconf 89' lang='lat' dir='ltr'><strong>et</strong></span> <span class='ocrx_word' id='word_1_182' title='bbox 677 2722 909 2780; x_wconf 87' lang='lat' dir='ltr'><strong>multum</strong></span> <span class='ocrx_word' id='word_1_183' title='bbox 934 2734 1016 2786; x_wconf 91' lang='lat' dir='ltr'><strong>te,</strong></span> <span class='ocrx_word' id='word_1_184' title='bbox 1037 2718 1192 2775; x_wconf 87' lang='lat' dir='ltr'><strong>Maia</strong></span> <span class='ocrx_word' id='word_1_185' title='bbox 1217 2726 1371 2778; x_wconf 83' lang='lat' dir='ltr'><strong>nate,</strong></span> <span class='ocrx_word' id='word_1_186' title='bbox 1393 2720 1590 2784; x_wconf 84' lang='lat' dir='ltr'><strong>rogato</strong></span> <span class='ocrx_word' id='word_1_187' title='bbox 1615 2748 1636 2777; x_wconf 84' lang='lat'><strong>,</strong></span> 
     </span>
    </p>
   </div>
   <div class='ocr_carea' id='block_1_4' title="bbox 307 2794 1662 2969">
    <p class='ocr_par' dir='ltr' id='par_1_22' title="bbox 307 2794 1662 2969">
     <span class='ocr_line' id='line_1_30' title="bbox 312 2794 1594 2887; baseline -0.015 -18"><span class='ocrx_word' id='word_1_188' title='bbox 312 2812 483 2869; x_wconf 84' lang='lat' dir='ltr'><strong>Molis</strong></span> <span class='ocrx_word' id='word_1_189' title='bbox 500 2806 858 2887; x_wconf 60' lang='lat' dir='ltr'><strong>praegravidae</strong></span> <span class='ocrx_word' id='word_1_190' title='bbox 874 2804 1108 2877; x_wconf 85' lang='lat' dir='ltr'><strong>castigat</strong></span> <span class='ocrx_word' id='word_1_191' title='bbox 1130 2798 1368 2874; x_wconf 79' lang='lat' dir='ltr'><strong>pulvere</strong></span> <span class='ocrx_word' id='word_1_192' title='bbox 1382 2794 1594 2871; x_wconf 78' lang='lat' dir='ltr'><strong>lapsuS.</strong></span> 
     </span>
     <span class='ocr_line' id='line_1_31' title="bbox 307 2879 1662 2969; baseline -0.015 -15"><span class='ocrx_word' id='word_1_193' title='bbox 307 2897 417 2954; x_wconf 68' lang='lat' dir='ltr'><strong>ma</strong></span> <span class='ocrx_word' id='word_1_194' title='bbox 447 2913 620 2951; x_wconf 81' lang='lat' dir='ltr'><strong>manu</strong></span> <span class='ocrx_word' id='word_1_195' title='bbox 647 2913 846 2969; x_wconf 79' lang='lat' dir='ltr'><strong>magna</strong></span> <span class='ocrx_word' id='word_1_196' title='bbox 864 2933 877 2958; x_wconf 93' lang='lat'><strong>,</strong></span> <span class='ocrx_word' id='word_1_197' title='bbox 914 2900 971 2943; x_wconf 89' lang='lat' dir='ltr'><strong>et</strong></span> <span class='ocrx_word' id='word_1_198' title='bbox 1002 2883 1241 2941; x_wconf 85' lang='lat' dir='ltr'><strong>multum</strong></span> <span class='ocrx_word' id='word_1_199' title='bbox 1268 2879 1486 2937; x_wconf 87' lang='lat' dir='ltr'><strong>felicior</strong></span> <span class='ocrx_word' id='word_1_200' title='bbox 1516 2879 1662 2948; x_wconf 80' lang='lat' dir='ltr'><strong>exit3</strong></span> 
     </span>
    </p>
   </div>
   <div class='ocr_carea' id='block_1_5' title="bbox 297 2965 1776 3135">
    <p class='ocr_par' dir='ltr' id='par_1_23' title="bbox 297 2965 1776 3135">
     <span class='ocr_line' id='line_1_32' title="bbox 311 2965 1776 3061; baseline -0.017 -20"><span class='ocrx_word' id='word_1_201' title='bbox 311 2986 673 3061; x_wconf 80' lang='lat' dir='ltr'><strong>Nec²partem</strong></span> <span class='ocrx_word' id='word_1_202' title='bbox 697 2977 954 3051; x_wconf 79' lang='lat' dir='ltr'><strong>exiguam</strong></span> <span class='ocrx_word' id='word_1_203' title='bbox 974 2969 1130 3026; x_wconf 91' lang='lat' dir='ltr'><strong>Circi</strong></span> <span class='ocrx_word' id='word_1_204' title='bbox 1148 2980 1462 3024; x_wconf 78' lang='lat' dir='ltr'><strong>transvecta</strong></span> <span class='ocrx_word' id='word_1_205' title='bbox 1487 2965 1724 3044; x_wconf 85' lang='lat' dir='ltr'><strong>quievit.</strong></span> <span class='ocrx_word' id='word_1_206' title='bbox 1768 3010 1776 3020; x_wconf 67' lang='grc'><strong>,,</strong></span> 
     </span>
     <span class='ocr_line' id='line_1_33' title="bbox 297 3053 1521 3135; baseline -0.011 -11"><span class='ocrx_word' id='word_1_207' title='bbox 297 3066 396 3126; x_wconf 64' lang='grc' dir='ltr'><strong>Ἧι</strong></span> <span class='ocrx_word' id='word_1_208' title='bbox 415 3073 583 3128; x_wconf 69' lang='lat' dir='ltr'><strong>sonus</strong></span> <span class='ocrx_word' id='word_1_209' title='bbox 598 3104 615 3135; x_wconf 93' lang='lat'><strong>,</strong></span> <span class='ocrx_word' id='word_1_210' title='bbox 643 3061 839 3119; x_wconf 68' lang='lat' dir='ltr'><strong>etfixa</strong></span> <span class='ocrx_word' id='word_1_211' title='bbox 862 3056 1108 3131; x_wconf 75' lang='lat' dir='ltr'><strong>signatur</strong></span> <span class='ocrx_word' id='word_1_212' title='bbox 1133 3065 1280 3111; x_wconf 84' lang='lat' dir='ltr'><strong>terra</strong></span> <span class='ocrx_word' id='word_1_213' title='bbox 1303 3053 1521 3131; x_wconf 73' lang='lat' dir='ltr'><strong>sagitta.</strong></span> 
     </span>
    </p>
   </div>
  </div>
 </body>
</html>
