2079 3613
429 288 537 367 2⁴29
674 290 1108 359 THEBAIDOS,
1161 293 1313 343 LIV.
1370 297 1505 345 vn.
1666 289 1787 367 189

289 387 381 443 Ire
406 384 578 444 duces
597 431 610 456 ,
634 384 741 445 nec
760 391 870 465 jam
894 389 1092 445 Aoniis
1115 387 1320 465 procul
1337 388 1528 446 abfore
1549 392 1784 467 campis:

292 474 639 549 Quacunque
667 475 900 551 ingressi
926 487 1171 531 tremere
1189 515 1206 545 ,
1239 494 1305 531 ac
1331 473 1690 531 miserescere
1757 514 1777 535 J

510 572 745 616 cunctos
1086 556 1091 562 ’

290 641 615 700 Thebarum
631 687 654 713 ,
676 646 774 720 qui
800 645 970 722 stirpe
996 648 1202 717 refert,
1231 645 1331 721 qui
1354 645 1583 702 nomine
1600 687 1616 716 ,
1647 659 1705 702 et

515 748 702 784 armis.

286 811 389 869 Ine
416 827 629 870 metum
658 811 932 881 condens,
961 813 1157 869 audire
1185 815 1465 890 exposcit,
1506 828 1560 872 et
1584 815 1704 873 odit

285 901 618 954 Narrantem
637 917 651 952 ι
673 897 808 953 hinc
831 898 1015 955 socios
1036 897 1203 955 dictis
1228 900 1535 971 stimulare,
1556 920 1792 979 suasque

287 980 483 1036 Metiri
506 981 769 1036 decernit
795 1001 952 1057 opeS.
981 983 1285 1039 Exciverat
1310 1003 1532 1038 omnem

286 1064 535 1133 Aoniam,
551 1063 947 1139 Euboeamque,
961 1076 1019 1119 et
1030 1063 1305 1120 Phocidos
1320 1084 1449 1120 arva
1464 1067 1793 1145 propinqum

289 1151 474 1205 Mars:
501 1147 578 1204 ita
603 1147 769 1205 dulce
790 1148 828 1206 J
830 1149 940 1206 ovi.
970 1151 1169 1225 Longo
1196 1149 1338 1224 sugit
1364 1149 1560 1207 ordine
1582 1151 1749 1210 velox

290 1236 526 1290 Tessera
549 1252 564 1290 z
593 1231 923 1311 propellunt
950 1234 1130 1305 acieS,
1159 1254 1396 1310 seseque
1423 1235 1526 1291 sub
1553 1237 1722 1292 armis

269 1319 623 1394 ,ostensam
654 1318 895 1395 subeunt
919 1338 1121 1395 campo
1138 1358 1154 1388 ,
1179 1319 1278 1394 qui
1303 1321 1589 1395 proximus
1613 1321 1737 1378 urbi

288 1406 601 1462 Damnatus
623 1403 786 1460 bellis
811 1417 1007 1481 patet,
1038 1417 1438 1483 exspectatque
1464 1406 1703 1463 furores.

292 1489 563 1548 Nondum
588 1488 763 1547 hostis
790 1488 973 1546 circa:
1004 1489 1234 1566 trepido
1261 1502 1453 1546 tamen
1480 1493 1702 1568 agmine

500 1586 714 1631 matres
1632 1638 1636 1642 ,

293 1659 690 1717 Conscendunt
717 1679 935 1729 murm,
962 1659 1093 1716 inde
1122 1679 1272 1716 arma
1299 1659 1535 1717 nitentia
1561 1661 1743 1732 natiS,

291 1745 364 1799 Et
389 1743 774 1799 formidandos
798 1757 1114 1799 monstrant
1140 1744 1242 1800 sub
1269 1745 1478 1801 casside
1494 1759 1718 1823 patres·

368 1833 549 1886 Turre
574 1826 776 1905 procul
799 1827 915 1883 sola
933 1830 1189 1883 nondum
1211 1849 1471 1885 concessa
1496 1829 1678 1886 videri

292 1916 566 1993 Antigone
592 1912 849 1992 populis3
883 1921 1105 1967 teneras
1131 1910 1450 1969 defenditur
1479 1925 1598 1969 atra

292 2002 463 2062 Veste
486 2021 688 2078 genas,
714 2000 983 2075 juxtaque
1014 2014 1200 2053 comes
1216 2037 1233 2067 ,
1264 2017 1375 2073 quo
1395 2000 1565 2054 Laius
1584 1979 1702 2054 ibat

292 2088 623 2164 Armigero,
653 2097 788 2141 tunc
812 2082 986 2160 virgo
1001 2101 1194 2139 senem
1218 2084 1412 2160 regina
1435 2104 1536 2142 vei
1537 2097 1679 2142 etur

294 2178 467 2247 Quae
454 2174 536 2229 sic
562 2192 689 2229 orsa
711 2171 910 2248 priort
944 2193 974 2222 ι(
996 2169 1210 2246 Spesne
1237 2169 1525 2226 obstatura
1552 2167 1794 2247 Pelasgis

298 2283 327 2312 «
346 2261 479 2315 Haec
503 2256 705 2316 vexilla
720 2299 736 2329 ,
761 2254 969 2333 pater?
994 2253 1215 2332 Pelopis
1241 2252 1586 2311 descendere
1609 2266 1758 2312 totas

298 2368 326 2397 α
352 2343 631 2403 Audimus
657 2355 867 2420 gentes.
892 2343 1031 2410 Dic,
1057 2361 1091 2395 o
1116 2361 1355 2416 precor,
1373 2353 1570 2397 extera
1593 2360 1790 2416 regum

300 2452 329 2484 t<
343 2429 597 2504 Agmina.
624 2429 769 2483 Nam
794 2426 958 2485 video
977 2465 994 2496 ,
1023 2445 1148 2501 quae
1169 2437 1362 2481 noster
1381 2424 1537 2499 signa

518 2513 817 2567 Meneceus
832 2549 851 2579 ,

238 2666 244 2669 ἡ
298 2624 331 2652 α
349 2601 487 2673 Quae
510 2606 700 2654 noster
725 2606 884 2672 gerat
908 2610 1063 2649 arma
1088 2592 1168 2647 C1
1170 2610 1304 2659 eon
1328 2609 1496 2666 quam
1526 2590 1708 2647 celsus

516 2682 695 2739 ahena

223 2757 226 2762 ’
303 2769 652 2852 «Sphynge,
693 2789 798 2847 per
827 2766 1078 2843 ingentes
1106 2758 1472 2821 Homoloidas
1510 2772 1673 2817 exeat

518 2858 796 2913 Haemon·
823 2877 852 2906 »

375 2942 468 2997 Sic
492 2940 649 2997 rudis
668 2940 973 3016 Antigone.
994 2934 1195 2995 Senior
1216 2932 1307 2991 cui
1332 2930 1460 2989 talia
1478 2928 1718 2990 Phorbas
1735 2951 1754 2990 ι

376 3049 409 3082 α
428 3026 579 3085 Mille
604 3026 940 3106 sagittiferos
960 3022 1154 3103 gelidae
1179 3021 1249 3081 de
1278 3018 1417 3078 colle
1441 3021 1707 3098 Tanagrae
