2079 3613
462 322 564 381 ¹70
707 299 1159 364 ΤΗΕΒΑῙῡοε,
1210 300 1358 350 ΜΒ.
1452 303 1561 352 1v.
1737 293 1828 373 89

317 402 590 472 Conditor
608 442 624 471 ‚
654 412 712 458 et
738 399 896 457 fulvo
925 400 1172 456 moriens
1205 398 1443 476 ignescit
1468 401 1529 455 in
1558 421 1722 458 auro.-

315 496 541 553 Circum
565 495 742 550 amnis
763 506 993 570 torpens
1013 536 1029 563 ‚
1056 508 1114 550 et
1137 494 1287 550 ferro
1315 492 1522 550 coerula
1556 496 1761 551 Lerna.

317 594 383 646 At
404 591 635 645 laterum
661 593 900 658 tractuS,
932 588 1293 665 spatiosaque
1315 600 1546 662 pectora
1571 599 1754 645 servat

315 680 525 738 Nexilis
546 680 836 736 innumero
860 676 1161 754 chalybum
1180 678 1494 734 subtemine
1519 677 1720 734 thorax
1737 720 1752 746 ,

319 773 677 831 Horrendum
695 816 710 843 .‚
734 793 851 828 uon
874 770 1068 828 matris
1094 791 1236 850 opus
1255 814 1270 842 .,
1299 770 1581 849 galeaeque
1604 790 1834 827 corusca

316 866 596 924 Prominet
625 887 754 923 arce
783 886 983 945 gygaS‚
1017 879 1187 942 atque
1215 864 1312 922 uni
1337 865 1557 923 missilis
1588 864 1664 921 illi

320 960 569 1038 Cuspide
595 960 823 1037 praefixa
851 973 957 1016 stat
985 959 1281 1016 frondibus
1309 958 1446 1015 orba
1474 978 1798 1035 cupressus..

320 1053 471 1108 Huic
497 1070 694 1127 parere
720 1049 868 1118 dati,
893 1069 1034 1122 quos
1059 1048 1262 1105 fertilis
1282 1050 1690 1127 Amphigenia,

317 1144 604 1216 Planaque
622 1143 908 1209 Messene,
931 1153 1316 1215 montanaque
1336 1143 1511 1197 nutrit
1534 1143 1744 1198 Ithoue
1779 1162 1800 1211 ·,

320 1231 474 1303 Quos
508 1233 557 1283 T
560 1229 760 1297 lirion,
791 1240 848 1285 et
885 1228 1115 1284 summis
1149 1226 1433 1303 ingestum
1472 1228 1760 1286 montibus

544 1313 717 1388 osspy
733 1354 755 1382 ‚

322 1409 478 1479 Quos
496 1404 670 1461 Helos
696 1418 755 1460 et
777 1404 1008 1461 Pteleon
1025 1445 1048 1473 ‚
1065 1402 1274 1460 Getico
1298 1424 1442 1480 quos
1465 1404 1658 1461 flebile
1681 1402 1803 1463 vati
1873 1442 1880 1450 -

317 1490 557 1548 Dorion.
581 1491 691 1547 Hic
715 1490 895 1546 fretus
920 1489 1118 1545 doctas
1145 1489 1356 1546 anteire
1386 1489 1646 1546 canendo

320 1576 562 1647 Aoniam,
593 1577 796 1634 multos
823 1575 1127 1653 Thamyris
1154 1574 1450 1632 damnatus
1473 1576 1535 1631 in
1559 1594 1732 1631 annos

325 1661 438 1719 Ore
473 1662 633 1719 simul
652 1705 667 1730 ,
704 1661 1036 1740 citharaque
1080 1660 1240 1742 (quis
1275 1662 1441 1717 obvia
1476 1661 1706 1718 numina

530 1753 776 1804 tenmatt
804 1754 827 1817 )

316 1831 614 1889 Conticuit
639 1850 926 1904 proeceps3
954 1833 1081 1904 quis
1105 1851 1220 1887 non
1248 1834 1552 1891 certamina
1578 1830 1778 1887 Phoebi

324 1919 560 1985 Nosset‚
591 1928 651 1971 et
676 1913 917 1970 illustres
937 1916 1140 1988 Satyro
1164 1914 1455 1988 pendente
1481 1913 1774 1971 Celaenas?

396 2005 640 2077 Jamque
664 2012 726 2056 et
749 1997 968 2057 fatidici
993 2018 1154 2054 mens
1176 2010 1490 2074 expugnata
1516 1997 1721 2053 fatiscit

323 2088 574 2165 Auguris,
605 2085 709 2143 Ille
736 2083 969 2161 quidem
992 2103 1186 2156 casim,
1218 2098 1274 2140 et
1302 2082 1425 2138 dira
1451 2081 1683 2140 videbat

323 2174 521 2250 Signa3
551 2173 651 2229 sed
675 2173 798 2248 ipsa
823 2178 993 2227 m'anu
1018 2168 1311 2226 cunctanti
1331 2168 1601 2244 injecerat
1629 2188 1782 2224 arma

323 2262 573 2336 Atropos
590 2301 608 2326 ‚
643 2258 1021 2334 obrueratque
1061 2257 1245 2313 Deum
1279 2273 1294 2310 ε
1329 2274 1435 2312 nec
1471 2254 1726 2332 conjugis

541 2342 742 2397 absunt

324 2426 583 2494 Insidiae,
608 2426 902 2500 vetitoque
930 2426 1128 2482 domus
1154 2429 1265 2500 jam
1290 2426 1539 2502 fulgurat
1559 2446 1716 2484 aur0.

325 2513 452 2569 Hoc
481 2528 679 2564 aurum
703 2511 819 2565 vati
845 2513 959 2566 fata
989 2511 1209 2567 exitiale
1238 2512 1539 2568 monebant

322 2595 616 2676 Argolico.
640 2595 758 2650 Scit
783 2607 837 2649 et
860 2594 982 2669 ipse
1005 2598 1188 2664 nesam,
1224 2597 1321 2653 sed
1348 2597 1567 2672 perfida
1592 2599 1798 2672 conjux

325 2685 488 2740 Dona
509 2679 631 2738 viro
655 2691 876 2736 mutare
902 2676 1073 2747 velit,
1104 2679 1407 2754 spoliisque
1431 2680 1676 2754 potentis

326 2770 594 2827 Imminet
613 2765 783 2841 Argiae
800 2807 816 2836 ,
840 2778 1115 2841 raptoque
1141 2763 1417 2821 excellere
1446 2763 1620 2823 cultu.

327 2855 433 2912 Illa
454 2853 656 2922 libens,
688 2849 838 2930 (nam
860 2870 1060 2928 regum
1078 2850 1315 2919 animos,
1347 2864 1400 2906 et
1419 2852 1676 2924 pondera
1699 2853 1832 2913 belli

330 2943 453 2997 Hac
477 2953 678 2997 nutare
702 2938 886 3009 videt,
915 2938 1128 3014 pariter
1150 2936 1256 2995 nisi
1283 2935 1547 3014 providus
1571 2937 1741 2995 heros

334 3024 566 3104 Militet)
597 3024 716 3103 ipsa
743 3043 930 3080 sacros
949 3022 1160 3103 gremio
1186 3021 1464 3100 Polynicis
1485 3025 1659 3083 amati
