2079 3613
391 269 521 338 214
674 273 1114 335 THEBAIDOS,
1166 273 1310 322 ΗΒ.
1364 272 1534 323 vm.
1629 273 1704 346 96

392 398 421 428 t<
441 376 603 450 Itque
626 371 886 448 reditque
909 371 1184 442 domos‘?)
1206 368 1485 441 emittam,
1509 380 1565 426 et
1584 380 1886 448 utrumque

601 455 814 511 tenebo
1077 479 1080 483 ’

384 577 415 608 κ
434 546 824 629 Tyndariden.
855 550 977 607 Cur
1002 561 1190 606 autem
1217 548 1392 608 avidis
1417 549 1618 615 Ixiona
1641 553 1836 628 frango

380 660 413 691 κ
429 630 787 696 Vorticibus?
800 653 902 689 cur
912 652 1031 689 non
1049 646 1379 710 exspectant
1395 634 1676 692 Tantalon
1695 636 1881 694 undaess

378 748 417 777 «ι
434 725 596 779 Anne
621 720 986 796 profanatum
1011 718 1178 775 toties
1201 717 1385 774 Chaos
1408 717 1634 795 hospite
1659 723 1789 779 vivo

379 831 413 861 α
433 801 767 883 Perpetiar'?
789 822 878 859 me
906 798 1145 860 Pirithoi
1169 804 1502 860 temerarius
1520 808 1687 864 ardor

377 915 412 946 ι(
431 897 680 961 Tentat,
714 903 769 945 et
797 888 992 945 audaci
1019 888 1275 945 Theseus
1297 890 1509 963 juratus
1533 893 1746 949 amicot

375 999 414 1029 a
433 978 528 1033 Me
550 976 699 1032 ferus
723 973 987 1042 Alcides,
1013 978 1150 1029 tunc
1183 993 1310 1029 cum
1327 1014 1343 1044 ‚
1370 974 1600 1031 custode
1628 989 1871 1048 remoto,

373 1084 407 1116 α
431 1063 641 1117 Ferrea
664 1058 953 1116 Cerbereae
976 1070 1275 1114 tacuerunt
1301 1058 1490 1114 limina
1514 1072 1714 1136 portae.

373 1169 404 1199 c<
427 1144 680 1221 Odrysiis
707 1145 880 1200 etiam
904 1142 1115 1218 pudet,
1140 1142 1294 1198 heu!
1323 1142 1570 1218 patuisse
1594 1144 1840 1219 querelis

375 1253 406 1285 «
426 1234 686 1287 Tartara.
715 1227 850 1286 Vidi
880 1241 1098 1303 egomet
1125 1226 1331 1284 blanda
1361 1226 1507 1283 inter
1528 1228 1775 1285 carmina

593 1325 789 1389 turpes
839 1310 842 1315 ’

371 1436 405 1469 α
423 1407 800 1470 Eumenidum
821 1407 1132 1485 lacrymas,
1159 1407 1468 1484 iterataque
1492 1427 1667 1487 pensa

593 1513 867 1551 sororum.
938 1519 948 1530 ’

373 1618 403 1650 «
420 1596 514 1651 Me
532 1610 846 1668 quoque....
883 1589 997 1647 Sed
1016 1589 1171 1646 durae
1196 1589 1392 1647 melior
1415 1590 1679 1648 violentia
1703 1590 1860 1669 legiS.

367 1703 402 1734 ι(
421 1682 528 1735 Ast
550 1697 656 1752 ego
681 1675 774 1731 vix
799 1694 1002 1744 unum,
1025 1694 1135 1732 nec
1163 1676 1310 1732 celsa
1336 1677 1407 1732 ad
1429 1677 1639 1746 sidera,
1664 1679 1837 1750 surm,

365 1787 401 1820 α
421 1767 606 1822 Ausus
627 1760 759 1832 iter,
788 1758 975 1818 Siculo
1004 1759 1168 1857 renui
1201 1761 1479 1818 connubia
1512 1781 1743 1839 campo:

361 1876 395 1907 α
416 1855 533 1932 Nec
558 1847 781 1905 licuisse
815 1848 1043 1916 ferunt,
1077 1847 1407 1924 injustoeque
1444 1847 1515 1902 ab
1544 1850 1681 1905 Iove
1709 1850 1861 1925 leges

364 1961 396 1991 α
412 1934 671 1994 Protinus
691 1974 708 2004 ‚
746 1946 801 1988 et
827 1945 1045 1991 sectum
1069 1933 1307 2008 genitrix
1335 1931 1474 1987 mihi
1507 1946 1795 2011 computat

574 2017 814 2086 annum!

356 2141 391 2173 «
410 2118 522 2173 Sed
543 2115 682 2191 quid
700 2134 804 2190 ego
819 2113 973 2171 haec?
994 2114 1045 2184 i3
1066 2116 1362 2173 Tartareas
1378 2116 1646 2175 ulciscere
1667 2116 1850 2190 sedes,

355 2225 391 2257 α
412 2200 750 2277 Tisiphone;
792 2213 846 2255 et
877 2198 924 2255 si
959 2201 1187 2275 quando
1221 2204 1381 2261 novis
1412 2204 1716 2280 asperrima

570 2296 835 2342 monstris

352 2405 388 2438 «
409 2381 626 2453 Triste,
655 2382 964 2454 insuetum,
1000 2386 1225 2462 ingens,
1258 2386 1412 2463 quod
1444 2385 1694 2443 nondum

572 2465 780 2524 viderit
803 2467 1013 2543 aether,

349 2569 381 2603 «
402 2546 523 2606 Ede
553 2550 735 2622 nefa5‚
772 2552 926 2628 quod
958 2553 1128 2611 mirer
1159 2576 1298 2635 ego,
1336 2554 1739 2631 invideantque

567 2656 808 2696 sorores,
1474 2695 1481 2698 Ἰ

346 2741 381 2774 «
400 2721 590 2798 Atque
618 2721 760 2781 adeo
791 2726 1023 2795 stati-es,
1055 2723 1411 2800 (nostrisque
1437 2723 1555 2781 haec
1581 2728 1769 2785 omnia

553 2822 719 2867 sunto

335 2904 571 2963 «Prima
595 2904 767 2985 odiis)
801 2908 1002 2963 fratres
1031 2903 1240 2961 alterna
1272 2904 1334 2963 in
1364 2908 1596 2968 vulnera
1620 2879 1750 2970 laeto

331 3011 369 3046 ε
388 2992 566 3051 Marte
586 2992 782 3051 ruant!
801 2991 883 3060 §it
895 3032 913 3067 ,
936 2989 1034 3068 qui
1052 2990 1375 3057 rabidarum
1392 3017 1546 3062 more
1563 3000 1829 3070 fibrarum,
