2079 3613
342 308 430 371 7⁰
657 293 1090 360 THEBAmos,
1144 291 1284 342 Lm.
1337 291 1450 340 111.
1546 289 1654 367 379

347 422 377 451 α
398 396 733 472 Auditusque
756 397 963 451 iterum
981 405 1212 450 revocet
1231 411 1409 447 socer.
1435 392 1597 445 Hunc
1620 410 1724 464 ego

491 482 700 538 Thebis
719 524 734 551 ‚

345 590 374 620 «
392 568 585 637 Hunc,
610 585 873 641 germane
892 606 907 634 ‚
930 563 1033 619 tibi
1051 561 1298 640 jugulum
1318 605 1334 635 ,
1365 574 1418 619 et
1442 561 1574 631 tibi,
1599 558 1836 616 maxime

472 652 679 728 Tydeu
696 697 714 726 ‚

337 762 367 792 t<
388 739 608 794 Debeo·
641 761 668 790 >2
693 737 777 793 Sic
803 735 970 795 variis
995 746 1289 813 praetentat
1318 750 1554 811 pectora
1579 735 1745 792 dictis
1761 777 1777 806 ‚

337 821 722 898 Obliquatque
739 829 956 897 preces
987 823 1294 877 Commotae
1320 822 1611 895 questibus
1637 821 1731 876 irae

338 911 413 965 Et
440 908 645 963 mixtus
670 909 927 984 lacrymis
953 906 1122 962 caluit
1150 904 1328 961 dolor.
1352 906 1626 963 Omnibus
1657 905 1805 962 ultro

336 997 463 1049 Non
487 995 745 1068 juvenum
770 995 968 1064 mod0,
998 992 1097 1049 sed
1122 990 1321 1070 gelidis
1347 1004 1403 1048 et
1428 992 1701 1048 inertibus
1722 1009 1837 1047 aevo

338 1078 660 1134 Pectoribus
686 1101 839 1137 mens
863 1100 973 1135 una
995 1076 1179 1149 subit,
1206 1078 1444 1134 viduare
1466 1088 1733 1152 penateS‚

336 1166 386 1220 F
387 1164 630 1222 initimas
654 1166 920 1221 adhibere
945 1183 1146 1219 manus
1168 1183 1181 1217 :
1204 1165 1432 1238 jamque
1451 1165 1552 1219 ire.
1569 1165 1680 1221 Sed
1700 1163 1844 1220 altus

338 1250 597 1306 Consiliis
623 1263 785 1326 pater
804 1293 822 1318 ‚
849 1249 1184 1326 imperiique
1210 1247 1366 1304 haud
1394 1249 1613 1304 flectere
1641 1248 1844 1304 molem

336 1337 552 1392 Inscius
571 1355 584 1390 :
610 1359 638 1386 «
656 1338 765 1391 Ista
784 1334 1012 1410 quidem
1027 1334 1278 1407 SuperiS‚
1297 1351 1553 1408 curaeque
1569 1332 1841 1390 medenda

338 1444 368 1473 α
393 1421 687 1497 Linquite,
707 1441 924 1496 quaeso,
947 1438 1117 1475 meae:
1144 1438 1247 1474 nec
1273 1432 1328 1474 te
1348 1440 1638 1495 germanus
1665 1421 1841 1476 inulto

341 1534 374 1560 «ι
396 1509 627 1585 Sceptra
666 1521 816 1582 geret
856 1524 869 1562 ε
913 1525 1097 1581 neque
1143 1525 1245 1563 vos
1285 1506 1431 1563 avidi
1473 1506 1783 1585 promittite

482 1590 716 1648 bellum.

333 1693 371 1731 ἀ
390 1682 460 1734 At
471 1698 618 1735 nunc
633 1677 929 1754 egregium,
941 1690 1213 1754 tantoque
1228 1678 1287 1734 in
1303 1679 1565 1756 sanguine
1581 1692 1841 1736 ovantem

342 1789 371 1818 ιι
392 1764 652 1838 Excipite
679 1762 942 1820 OEniden
965 1805 980 1834 ‚
1011 1763 1369 1840 animosaque
1396 1777 1627 1842 pectora
1653 1763 1804 1822 laxet

340 1877 375 1905 α
396 1853 530 1909 Sera
559 1851 745 1928 quies;
770 1848 932 1906 nobis
958 1850 1122 1907 dolor
1141 1850 1293 1911 haud
1318 1849 1549 1908 rationis
1576 1850 1782 1924 egebit.
1807 1872 1835 1903 1·

406 1937 643 1995 Turbati
670 1937 952 2012 extemplo
981 1938 1242 2009 comites,
1274 1951 1327 1994 et
1355 1935 1566 2015 pallida
1594 1938 1832 2010 conjux,

334 2024 535 2100 Tydea
561 2022 772 2078 circum
800 2040 994 2077 omnes
1020 2024 1220 2079 sessum
1249 2022 1490 2099 bellique
1515 2020 1730 2098 viaeque

332 2110 646 2186 Stipantur.
676 2109 861 2162 Laetus
885 2107 1081 2165 mediis
1106 2113 1161 2165 in
1193 2109 1418 2167 sedibus
1446 2110 1580 2164 aulae

335 2176 604 2249 Constitit
626 2233 642 2261 .,
665 2191 983 2268 ingentique
1011 2208 1281 2271 exceptus
1310 2208 1464 2269 terga
1493 2190 1745 2248 columna
1763 2231 1782 2263 ,

333 2276 583 2337 Vulnera
613 2278 744 2334 dum
774 2279 1019 2355 lymphis
1044 2280 1386 2357 Epidaurius
1425 2277 1559 2332 eluit
1597 2277 1834 2351 Idmon,

331 2369 494 2421 Nunc
520 2363 680 2422 velox
699 2367 878 2439 ferre,
907 2388 1059 2424 nunc
1084 2368 1176 2423 ille
1205 2364 1537 2442 potentibus
1559 2364 1752 2420 herbis

331 2448 549 2506 Mitior.
580 2452 711 2528 Ipse
732 2450 840 2508 alta
864 2455 1134 2510 seductus
1163 2460 1346 2504 mente
1368 2461 1621 2505 renarrat

329 2536 611 2612 Principia
634 2536 855 2609 irarum,
876 2556 1109 2615 quaeque
1134 2554 1289 2590 orsus
1315 2547 1554 2614 uterque
1571 2536 1831 2607 vicissim,

332 2622 470 2697 Quis
490 2621 644 2680 locus
667 2625 879 2683 insidiis
896 2667 910 2695 ,
936 2621 1112 2677 tacito
1139 2640 1261 2694 quae
1288 2634 1544 2697 tempora
1563 2620 1741 2676 bello:

332 2707 444 2780 Qui
470 2722 659 2765 contra
677 2752 693 2781 ,
725 2707 1033 2787 quantique
1064 2702 1235 2759 duces
1254 2747 1269 2767 ,
1301 2704 1400 2759 ubi
1426 2704 1695 2765 maximus
1718 2704 1801 2763 illi

332 2792 547 2861 Sudor,
576 2806 633 2850 et
663 2794 879 2850 indicio
909 2800 1194 2845 servatum
1221 2791 1435 2844 Maeona
1467 2790 1647 2862 tristi,

331 2877 598 2953 Exponit.
622 2879 731 2935 Cui
759 2876 871 2932 fida
898 2893 1095 2930 manus
1117 2878 1495 2952 ‘proceresque
1525 2896 1798 2953 socerque

330 2963 575 3044 Astupet
600 2961 815 3030 oranti,
846 2958 1156 3037 Tyriusque
1182 2961 1499 3018 incenditur
1525 2961 1702 3017 exsul.

410 3049 665 3105 Solverat
689 3046 952 3122 Hesperii
977 3045 1191 3107 devexo
1215 3048 1463 3124 margine
1487 3046 1653 3125 ponti
