2079 3613
311 303 434 364 186
626 314 1066 379 ΤΗΕΒΑῙΒοε,
1119 314 1263 364 Lm.
1319 320 1454 367 vn.
1564 316 1664 376 153

306 407 573 464 Constitit
587 449 602 479 ,
623 407 777 466 haud
798 431 1045 486 unquam
1069 410 1209 467 facie
1237 427 1577 489 conspectus
1603 418 1663 473 in
1680 417 1772 475 illa
1791 460 1807 489 ,

306 489 462 573 (Nec
501 512 678 550 causae
714 494 935 553 latuere
973 494 1230 576 patrem)
1271 499 1633 576 supplexque

524 582 786 656 profatur
809 599 824 634 z
1600 602 1605 605 ⁴

371 687 399 716 «
425 666 798 722 Exscindisne
827 679 982 739 tuas,
1012 668 1219 726 Divtun
1244 683 1395 727 sator
1422 672 1637 747 optime
1654 715 1670 742 ‚

522 750 750 809 Thebas
766 751 794 810 ’.Ρ

304 863 331 892 α
353 840 508 895 Saeva
536 838 679 895 adeo
706 843 943 916 conjux?
969 862 1078 900 nec
1105 854 1162 897 te
1188 841 1406 899 telluris
1427 857 1655 917 amatae,

299 952 327 982 κ
346 926 708 1004 Deceptique
734 927 861 985 laris
884 928 1142 999 miseret,
1177 930 1542 1007 cinerumque

513 1033 759 1070 meorum
784 1011 813 1068 ⁴?

300 1123 328 1152 «
350 1099 513 1156 Esto:
542 1098 673 1154 olim
694 1099 928 1156 invitum
952 1099 1257 1175 jaculatum
1277 1103 1522 1160 nubibus
1545 1094 1734 1182 ign⁸em

298 1207 326 1236 κ
348 1183 657 1241 Credimus,
677 1186 761 1240 En
776 1186 981 1241 iterum
994 1198 1114 1242 atra
1137 1188 1311 1243 refers
1327 1187 1588 1246 incendia
1608 1192 1794 1265 terris.,

297 1256 325 1321 a
348 1269 468 1324 Nec
492 1270 661 1344 Styge
688 1271 897 1343 jurata,
925 1289 1037 1326 nec
1064 1270 1282 1348 pellicis
1307 1287 1426 1329 arte
1452 1289 1678 1353 rogatus
1701 1283 1716 1332 !

298 1375 325 1404 α
344 1351 481 1423 Quis
497 1350 724 1410 modus?
735 1374 804 1409 an
824 1354 1492 1435 nobi5‚pater‚iratusque
1510 1360 1795 1439 bonusque

296 1460 325 1487 «
346 1434 585 1492 Fulmen
610 1437 821 1493 habes?
848 1439 947 1495 sed
968 1460 1082 1496 non
1108 1442 1356 1498 Danaeia
1380 1444 1567 1501 limina
1595 1448 1722 1504 talis

296 1521 805 1598 «Parrhasiumque
842 1545 1042 1583 nemus
1064 1568 1080 1598 ,
1124 1527 1463 1606 Ledaeasque
1507 1531 1614 1588 ibis

509 1606 793 1682 Amyclas.

294 1713 322 1742 κ
344 1689 561 1748 Scilicet
592 1712 621 1747 e
658 1694 873 1750 cunctis
900 1715 1004 1771 ego
1030 1695 1443 1772 neglectissima
1469 1701 1616 1758 natis

294 1798 322 1828 α
340 1776 639 1852 Progenies
656 1777 684 1836 ἐ’
700 1797 802 1853 ego
820 1800 1027 1858 nempe
1052 1793 1259 1855 tamen,
1278 1783 1372 1859 qui
1392 1785 1559 1844 dulce
1580 1790 1785 1849 serenti

291 1884 319 1914 z<
337 1860 562 1918 Pondus
588 1884 736 1919 eram
760 1883 775 1920 τ
806 1867 896 1922 cui
924 1879 987 1923 tu
1014 1867 1277 1945 dignatus
1303 1870 1497 1929 limina
1526 1874 1652 1931 vitae

290 1948 787 2023 «praereptumque
830 1950 975 2022 iter,
1021 1964 1078 2009 et
1112 1966 1394 2011 maternos
1433 1958 1673 2015 reddere

501 2051 742 2087 menses.

283 2137 313 2167 α
334 2113 527 2185 Adde,
556 2114 709 2191 quod
736 2116 999 2188 imbellis,
1035 2122 1282 2200 rarisque
1312 2126 1559 2183 exercita
1585 2129 1778 2185 castris

281 2222 312 2252 α
330 2200 519 2256 Turba
545 2205 697 2255 meas
723 2200 893 2271 acie3‚
919 2223 1044 2261 mea
1071 2218 1287 2265 tantum
1315 2210 1504 2284 praelia
1530 2227 1737 2271 norunt
1756 2255 1776 2284 ‚

282 2306 311 2336 α
332 2284 575 2340 Nectere
602 2284 799 2342 fronde
822 2307 1037 2362 comaS‚
1068 2305 1125 2348 et
1153 2292 1224 2348 ad
1250 2294 1521 2371 inspirata
1545 2300 1722 2354 rotari

283 2390 311 2420 α
332 2370 515 2436 Buxa,
539 2367 736 2426 timent
767 2369 985 2448 thyrsos
1012 2390 1317 2454 nuptarum
1337 2421 1353 2451 ,
1384 2393 1438 2437 et
1462 2382 1651 2458 praelia

493 2467 751 2512 matrum.

279 2561 307 2591 «
330 2537 497 2594 Unde
526 2539 717 2607 tubaS,
748 2545 1094 2625 Martemque
1122 2549 1288 2625 pati?
1319 2551 1455 2628 quin
1491 2553 1741 2624 fervidus

486 2645 619 2683 ecce
685 2669 722 2678 »Ἦ

273 2731 303 2759 «
323 2713 547 2781 Quanta
574 2716 769 2790 parat!
792 2718 929 2795 quid
962 2719 1006 2772 si
1031 2719 1123 2775 ille
1144 2732 1268 2775 tuos
1287 2723 1520 2775 Curetas
1539 2719 1598 2772 in
1622 2739 1771 2778 arma

273 2815 299 2845 «
320 2795 503 2853 Ducat
523 2839 539 2868 ‚
572 2811 628 2854 et
653 2800 909 2879 innocuis
927 2802 1125 2877 jubeat
1153 2802 1690 2878 decernere'peltis'?

270 2900 299 2929 κ
320 2880 468 2948 Quin
494 2881 658 2937 etiam
685 2885 895 2942 invisos
922 2886 1038 2962 (sic
1072 2884 1249 2943 hostis
1274 2887 1528 2966 defuit?)
1554 2892 1734 2969 Argos

272 2984 301 3013 κ
324 2961 526 3020 Elicis!
556 2963 609 3023 Ο
629 2969 794 3044 ipsi5‚
826 2970 1078 3044 genitor,
1100 2971 1356 3049 graviora
1382 2976 1610 3052 pe'riclis

276 3068 305 3097 κ
322 3047 360 3103 J
360 3068 483 3107 ussa
498 3093 514 3122 ‚
537 3051 870 3110 novercales
887 3054 1098 3115 ruimus
1116 3057 1295 3118 ditare
1317 3063 1605 3142 Mycenas,
