2079 3613
47 1208 56 1549 ffiffl-ffl
49 1174 52 1201 v„
47 916 56 1161 ᾼήἓμ--ῇ

393 313 522 383 214
675 316 1115 379 THEBAIDOS,
1167 316 1311 365 Lm.
1365 315 1534 366 vm.
1620 315 1706 389 96

394 443 423 472 α
444 419 605 494 Itque
627 415 887 493 reditque
910 417 1106 472 domos
1119 415 1184 486 t)
1208 411 1456 475 emittam
1469 454 1486 484 ‚
1510 422 1566 468 et
1585 423 1885 491 utrumque

604 499 814 556 tenebo

386 622 417 653 α
436 592 827 673 Tyndariden.
858 594 979 651 Cur
1003 606 1191 649 autem
1218 591 1393 651 avidis
1419 591 1619 659 Ixiona
1643 595 1839 671 frango

383 705 415 736 nt
431 674 789 741 Vorticibus?
803 697 904 733 cur
915 696 1034 733 non
1051 689 1380 754 exspectant
1397 677 1678 735 Tantalon
1697 679 1882 737 undaez

380 794 419 822 «ι
436 770 599 824 Anne
623 764 990 841 profanatum
1013 761 1179 818 toties
1203 759 1387 817 Chaos
1409 758 1636 838 hospite
1661 765 1792 823 vivo

381 876 416 906 (ε
435 845 769 928 Perpetiar'?
792 866 881 903 me
908 842 1147 904 Pirithoi
1171 846 1504 903 temerarius
1523 851 1690 906 ardor

379 960 415 991 c<
433 941 644 992 Tentat
663 972 683 1006 ,
717 947 773 990 et
799 933 995 990 audaci
1021 932 1277 990 Theseus
1298 933 1512 1007 juratus
1535 936 1748 992 amico}

378 1044 417 1074 α
436 1023 531 1078 Me
553 1021 703 1076 ferus
727 1017 990 1086 Alcides,
1015 1021 1153 1072 tunc
1185 1037 1312 1073 cum
1328 1057 1345 1086 ‚
1372 1017 1603 1075 custode
1632 1031 1873 1091 remoto,

376 1129 410 1160 α
433 1108 644 1162 Ferrea
668 1102 955 1160 Cerbereae
978 1114 1278 1158 tacuerunt
1302 1101 1494 1157 limina
1517 1116 1717 1179 portae.

376 1214 407 1244 α
429 1189 683 1265 Odrysiis
711 1189 882 1244 etiam
907 1187 1117 1262 pudet,
1143 1186 1297 1242 heu!
1326 1185 1574 1262 patuisse
1596 1186 1843 1263 querelis

378 1299 410 1330 α
429 1279 689 1331 Tartara.
719 1271 853 1330 vidi
884 1284 1100 1347 egomet
1127 1269 1334 1328 blanda
1363 1270 1510 1327 inter
1532 1272 1778 1328 carmina

597 1370 793 1433 turpes
843 1354 844 1359 ’

375 1481 409 1513 α
427 1451 804 1514 Eumenidum
825 1451 1135 1529 lacrymas,
1163 1451 1471 1528 iterataque
1496 1470 1670 1530 pensa

598 1557 869 1595 sororum.
941 1563 952 1574 ,

377 1663 407 1694 «
424 1640 519 1695 Me
536 1655 850 1713 quoque....
887 1632 1000 1690 Sed
1019 1633 1174 1691 durae
1199 1632 1396 1690 melior
1418 1632 1681 1690 violentia
1706 1632 1863 1712 legis·

371 1748 407 1778 α
425 1727 531 1780 Ast
554 1739 660 1797 ego
684 1719 778 1777 vix
804 1737 1004 1789 unum,
1029 1738 1137 1775 nec
1165 1719 1314 1775 celsa
1340 1720 1412 1775 ad
1433 1720 1643 1789 sidera,
1668 1722 1840 1792 surt0,

369 1833 405 1864 α
425 1813 610 1866 Ausus
631 1804 763 1876 iter,
793 1802 978 1862 Siculo
1007 1802 1172 1881 rapui
1205 1804 1484 1862 connubia
1516 1825 1746 1882 campo:

366 1920 400 1951 α
420 1900 537 1972 Nec
562 1891 786 1949 licuisse
819 1891 1047 1961 ferunt,
1080 1884 1411 1968 injustaeque
1448 1890 1520 1945 ab
1548 1893 1686 1948 Iove
1713 1893 1866 1968 leges

369 2005 401 2036 ι(
417 1973 675 2038 Protinus
695 2018 712 2047 ‚
751 1989 807 2033 et
832 1989 1049 2034 sectum
1072 1976 1311 2053 genitrix
1339 1975 1478 2031 mihi
1512 1989 1801 2054 computat

579 2061 819 2131 annum!

361 2186 397 2217 α
415 2163 528 2218 Sed
547 2159 688 2236 quid
705 2177 809 2233 ego
823 2157 978 2216 haec?
999 2158 1049 2229 ἐς
1070 2161 1367 2217 Tartareas
1383 2160 1651 2218 ulciscere
1672 2159 1855 2232 sedes,

361 2270 396 2302 α
417 2245 755 2321 Tisiphone;
796 2257 851 2300 et
882 2242 928 2299 si
963 2245 1191 2319 quando
1225 2248 1386 2305 novis
1417 2248 1720 2326 asperrima

576 2340 839 2386 monstris
1680 2347 1687 2350 ’

357 2450 393 2483 α
414 2426 632 2497 Triste,
661 2427 969 2499 insuetum,
1003 2430 1230 2506 ingens,
1262 2429 1418 2506 quod
1450 2429 1699 2487 nondum

577 2510 785 2569 viderit
808 2512 1018 2587 aether,

356 2615 388 2649 α
408 2593 529 2651 Ede
559 2596 741 2677 nefaS‚
777 2596 931 2674 quod
963 2598 1134 2656 mirer
1165 2620 1304 2679 ego,
1342 2599 1745 2672 invideantque

572 2701 813 2740 sororeS.
1480 2737 1485 2742 ἢ

353 2787 387 2820 α
407 2766 595 2845 Atque
624 2766 766 2827 adeo
796 2771 1029 2840 fratres,
1061 2768 1416 2845 (nostrisque
1442 2766 1560 2824 haec
1587 2770 1773 2827 omnia

558 2867 726 2911 sunto

343 2949 576 3008 «Prima
599 2935 788 3029 odiis)
806 2952 1008 3007 fratres
1036 2948 1248 3005 alterna
1277 2947 1340 3006 in
1370 2951 1601 3010 vulnera
1625 2955 1754 3013 laeto

339 3056 376 3091 ι
395 3037 572 3097 Marte
593 3036 789 3096 ruant!
808 3035 920 3110 Sit,
942 3033 1041 3113 qui
1059 3034 1381 3099 rabidarum
1397 3060 1551 3105 more
1567 3042 1834 3112 ferarum,

329 3367 372 3388 ²0.-
