2079 3613
376 176 385 183 ο
449 220 553 276 265
689 214 1128 276 maneamus,
1180 215 1325 262 ms.
1377 215 1488 265 Ἦ.
1691 163 1817 268 i55

316 319 562 374 Centum
586 313 664 369 ibi
686 313 973 387 nigrantes
990 355 1006 379 ,
1039 310 1278 384 armenti
1304 311 1539 382 robora,
1567 324 1762 369 tauros

315 404 501 457 Lenta
519 398 661 455 mole
688 398 955 455 trahunt:
982 396 1130 455 idem
1155 414 1534 472 numerusque
1558 397 1823 474 colorque

316 486 620 555 Mau-ibus,
650 497 707 541 et
733 483 985 540 nondum
1011 482 1215 540 lunatis
1239 483 1424 538 fronte
1447 483 1716 558 juvencis.

317 572 457 627 Exin
481 569 890 644 magnanimum
920 569 1093 626 series
1119 569 1346 644 antiqua
1373 579 1676 643 parentum

317 654 632 724 Invehitur,
663 654 813 709 miris
839 654 899 708 in
926 653 1147 711 vultum
1173 653 1413 709 animata
1444 650 1654 728 figuriS.

384 740 598 795 Primus
625 736 979 794 anhelantem
1005 738 1146 793 duro
1173 738 1507 815 Tirynthius
1529 737 1731 814 ingens

310 825 557 882 Pectoris
581 824 780 879 attritu
808 842 907 903 sua
930 823 1137 899 frangit
1163 823 1219 876 iu
1249 841 1374 879 ossa
1398 822 1637 880 leonem.

310 908 481 966 Haud
512 908 669 965 illum
702 909 1010 986 impavidi,
1048 909 1302 984 quamvis
1336 920 1393 966 et
1431 909 1489 964 in
1519 928 1662 977 mre,

526 1011 803 1067 suumque

307 1075 598 1132 Inachidae
634 1076 826 1131 vi‘dere
863 1077 1054 1132 decus.
1093 1079 1262 1134 Pater
1296 1078 1494 1134 ordine
1529 1082 1722 1154 juncto

311 1168 528 1230 Laevus,
554 1160 878 1217 arundineae
892 1160 1276 1239 recubansque
1299 1161 1401 1219 sub
1424 1181 1623 1239 aggere
1650 1163 1814 1239 ἥρω,

312 1245 608 1317 Cernitur,
639 1246 961 1324 emissaeque
987 1247 1283 1325 indulgens
1310 1246 1553 1304 Inachus
1574 1267 1743 1304 urnae.

309 1337 376 1391 Io
402 1339 536 1410 pos't
559 1347 811 1411 tergum,
841 1334 952 1407 jam
989 1354 1170 1412 prona
1187 1377 1204 1406 ,
1234 1334 1502 1412 dolorque
1528 1335 1820 1412 parentis,

308 1420 539 1495 Spectat
565 1419 625 1476 in
651 1418 899 1475 occiduis
929 1418 1208 1476 stellatum
1230 1419 1442 1478 visibus
1466 1424 1696 1496 Argum.

309 1506 413 1561 Ast
432 1505 583 1561 illam
602 1504 802 1562 melior
826 1503 1044 1562 Phariis
1068 1517 1325 1562 erexerat
1350 1508 1506 1562 arvis

305 1592 594 1666 Juppiter,
618 1604 787 1666 atque
803 1589 1016 1666 hospes
1033 1592 1147 1664 jam
1166 1603 1302 1647 tunc
1323 1592 1547 1647 Aurora
1568 1589 1815 1648 colebat.

376 1677 646 1733 Tantalus
670 1677 802 1732 inde
826 1696 1030 1753 parens
1046 1718 1064 1748 ,
1091 1697 1206 1733 non
1229 1677 1328 1753 qui
1354 1677 1679 1735 fallentibus

537 1762 706 1820 undis

306 1850 589 1919 Imminet,
617 1862 715 1906 aut
740 1848 1223 1924 refugaessterilem
1243 1850 1395 1924 rapit
1421 1871 1547 1907 aera
1575 1851 1742 1925 sylvae
1758 1889 1775 1918 ,

305 1936 418 1993 Sed
443 1937 571 2013 pius
588 1977 604 2006 ,
634 1945 692 1992 et
717 1933 905 2010 magni
930 1933 1153 1990 vehitur
1180 1934 1419 1991 conviva
1446 1934 1736 1989 Tonantis,

376 2022 540 2077 Parte
567 2021 674 2077 alia
690 2062 709 2092 ,
735 2020 918 2077 victor
939 2039 1111 2077 curru
1136 2019 1424 2099 Neptunia
1452 2018 1635 2076 tendit

303 2109 451 2162 Lora
475 2106 671 2185 Pelops
686 2149 701 2177 ‚
726 2120 1050 2184 pressatque
1075 2119 1224 2163 rotas
1251 2106 1444 2183 auriga
1468 2117 1728 2162 natantes

309 2190 591 2268 Myrtilu53
618 2204 675 2249 et
700 2191 915 2250 volucri
941 2194 1055 2268 jam
1077 2193 1305 2268 jamque
1330 2191 1666 2271 relinquitur
1687 2213 1819 2252 axe,

377 2280 449 2335 Et
481 2278 662 2353 gravis
699 2279 985 2351 Acrisius,
1021 2280 1354 2357 speciesque
1387 2278 1671 2337 horrenda

528 2362 797 2418 Choroebi
814 2405 831 2430 ,

303 2449 381 2501 Et‘
398 2447 597 2500 Danae
626 2444 852 2518 culpata
878 2447 1062 2517 sinus3
1090 2459 1148 2503 et
1173 2445 1231 2504 in
1259 2465 1425 2503 amne
1451 2458 1682 2523 reperto

302 2526 504 2584 Tristis
528 2530 833 2603 Amymone
850 2571 866 2599 ,
894 2551 1189 2607 parvoque
1215 2530 1488 2588 Alcmena
1513 2533 1767 2611 superbit

306 2611 556 2672 Hercule
572 2654 589 2680 ‚
614 2610 923 2687 tergemina
948 2614 1162 2668 crinem
1193 2616 1537 2670 circumdata
1564 2616 1715 2671 luna.

379 2703 415 2758 J
419 2711 639 2778 ungunt
662 2696 954 2756 discordes
974 2698 1205 2756 inimica
1230 2700 1289 2756 in
1313 2699 1524 2756 foedera
1552 2702 1780 2760 dextras

301 2783 510 2843 Belidae
532 2787 766 2842 fratres=
797 2782 898 2840 sed
923 2782 1086 2843 vultu
1110 2783 1300 2841 mitior
1325 2784 1510 2843 adstat

306 2873 608 2949 AEgyptuS‚
633 2871 816 2928 Danai
842 2870 1195 2929 manifestum
1223 2891 1522 2948 agnoscere
1548 2872 1680 2930 ficto

303 2958 416 3035 Ore
436 2960 594 3018 nefas
614 3000 630 3033 ,
657 2959 933 3037 pacisque
956 2956 1148 3033 malae,
1179 2959 1472 3036 noctisque
1495 2959 1711 3021 futurae.
