2079 3613
512 282 623 354 205
726 255 1169 351 'fni-:Mimos7
1221 289 1364 338 mn.
1414 293 1490 339 x.
1657 297 1783 361 297

359 380 595 442 'Viderat
613 386 723 440 hoc
745 398 899 441 retro
926 404 1230 441 conversus
1252 427 1269 455 ‚
1300 398 1357 440 et
1384 385 1601 460 agmina
1628 387 1794 442 sentit

286 473 494 528 Juncta
521 476 760 548 DymaS,
789 473 1356 549 dubius-precibusne
1384 470 1627 542 subiret,
1656 492 1728 527 an
1774 475 1777 480 ’

516 579 683 614 arnus

286 642 588 699 Instantes.
618 648 778 699 Arma
805 642 887 699 ira
913 641 1083 698 dabat
1100 682 1118 712 ,
1143 644 1371 699 fortuna
1395 637 1644 716 precari,

285 728 418 783 Non
444 727 650 785 audere
675 729 834 803 jubet
856 746 871 783 ε
899 727 1086 784 neutri
1111 725 1317 783 fiducia
1347 739 1554 802 coepto,

281 811 511 868 Distulit
534 814 618 868 ira
644 833 860 888 preces.
890 811 1050 869 Ponit
1069 809 1386 868 miserabile
1413 817 1620 885 corpus

289 903 440 954 Ante
465 898 645 974 pedes
663 939 680 967 ,
707 911 982 973 tergoque
1008 917 1208 974 graves
1226 914 1367 971 quas
1394 898 1535 951 sorte
1562 893 1794 968 gerebat

285 984 536 1058 Tigridis
559 985 787 1039 exuvias
811 982 870 1035 in
895 983 1091 1037 laevum
1116 994 1339 1055 torquet
1355 1021 1371 1049 ,
1401 995 1459 1037 et
1484 981 1670 1036 obstat
1724 989 1729 992 ⁴

288 1070 590 1126 Exsertum
615 1068 906 1140 objectans
930 1085 1258 1121 mucronem
1278 1089 1292 1131 ς
1315 1066 1482 1139 inque
1509 1066 1697 1121 omnia

510 1153 622 1230 10¹³
971 1165 976 1170 ’
1623 1207 1635 1220 ,

286 1244 494 1294 Versus
510 1280 525 1306 ‚
555 1250 612 1293 et
633 1238 705 1294 ad
725 1237 931 1294 caedem
953 1238 1107 1312 juxta
1127 1279 1143 1307 ‚
1165 1171 1516 1314 modemque
1540 1248 1788 1313 paratus,

290 1325 369 1379 Ut
389 1324 506 1391 lea,
533 1339 705 1399 quam
725 1342 870 1378 saevo
892 1325 1084 1380 soetam
1110 1342 1355 1398 pressere
1379 1321 1553 1378 cubili

285 1410 578 1466 Venantes
605 1409 655 1464 N
660 1408 892 1480 umidae,
920 1421 1081 1465 natos
1106 1421 1291 1465 erecta
1319 1420 1601 1483 superstat

285 1495 479 1551 Mente
505 1494 609 1551 sub
635 1494 848 1553 incerta
867 1537 884 1566 ,
913 1509 1139 1552 torvum
1165 1514 1233 1550 ac
1258 1492 1572 1550 miserabile

509 1582 792 1638 frendens,

285 1662 393 1717 Illa
420 1663 642 1739 quidem
669 1666 900 1721 turbare
924 1663 1150 1742 globoS‚
1181 1678 1240 1721 et
1263 1666 1520 1740 frangere
1550 1684 1740 1721 morsu

285 1745 421 1802 Tela
448 1761 619 1822 queat
638 1789 654 1817 .‚
682 1749 982 1825 sedvprolis
1008 1769 1167 1804 amor
1191 1748 1435 1805 crudelia
1458 1750 1634 1806 vincit
1776 1759 1779 1762 ’

284 1832 517 1886 Pectora
537 1873 552 1899 ‚
584 1844 639 1887 et
668 1832 726 1887 in
746 1834 933 1890 media
962 1833 1178 1889 catulos
1202 1834 1576 1910 circumspicit
1602 1836 1698 1891 ira.

284 1918 358 1971 Et
375 1917 488 1990 jam
515 1917 650 1972 laeva
672 1918 793 1973 viro
811 1958 827 1986 ,
858 1918 1117 1994 quamvis
1142 1920 1332 1975 saevire
1362 1932 1576 1975 vetaret

283 2001 577 2076 Amphion
593 2044 609 2072 ,
636 2017 832 2080 erepta
852 2022 1081 2070 manus;
1111 2002 1381 2079 puerique
1407 2003 1704 2059 trahuntur

282 2092 394 2145 Ora
424 2091 621 2166 supina
651 2091 845 2146 comis.
882 2091 1054 2147 Serus
1079 2103 1211 2146 tunc
1238 2089 1484 2167 denique
1509 2087 1784 2167 supplex,

283 2175 536 2232 Demisso
556 2195 860 2244 mucrone,
889 2188 1073 2252 rogat.
1107 2200 1136 2230 «
1159 2174 1572 2246 Moderantius,
1602 2194 1729 2245 oro,
1802 2184 1807 2191 “

289 2283 318 2312 «ι
342 2260 577 2331 Ducite;
604 2260 854 2319 fulminei
877 2283 981 2340 per
999 2281 1102 2321 vos
1128 2260 1402 2319 cunabula
1427 2260 1661 2331 Bacchi,

289 2370 317 2399 α
340 2349 651 2422 Inoamque
679 2348 901 2422 fugam,
931 2347 1214 2421 vestrique
1237 2346 1558 2404 Palaemonis
1584 2364 1784 2401 annos-

284 2453 315 2482 ιι
337 2430 392 2484 Si
418 2430 509 2486 cui
531 2434 679 2485 forte
706 2431 858 2485 domi
884 2443 1144 2487 natorum
1171 2432 1409 2507 gaudia',
1436 2432 1482 2486 si
1503 2431 1627 2505 quis

287 2538 318 2567 α
337 2513 447 2569 Hic
472 2527 666 2589 pater,
696 2515 914 2590 angusti
934 2536 1108 2591 puero
1135 2516 1264 2572 date
1290 2515 1542 2592 pulveris

500 2597 735 2655 haustus
753 2640 771 2669 ,

286 2708 315 2737 ι(
337 2684 720 2761 Exiguamque
746 2684 948 2740 facem.
977 2685 1193 2758 Rogat,
1224 2702 1298 2738 en
1325 2695 1485 2758 rog‘at
1509 2682 1631 2757 ipse

504 2771 738 2845 jacentis

286 2880 316 2908 α
335 2857 564 2912 Vultus.
592 2859 709 2933 Ego
735 2855 990 2913 infandas
1016 2854 1207 2931 potior
1232 2853 1430 2910 satiare
1456 2851 1745 2911 volucres:

289 2963 319 2993 «
346 2945 443 2996 Me
468 2943 710 3016 praebete
735 2943 887 3000 feris,
916 2946 1034 3018 Ego
1063 2942 1213 2998 bella
1242 2939 1447 2998 audere
1475 2939 1652 3014 coegi.
1671 2964 1702 2989 n

365 3050 393 3080 κ
412 3029 565 3099 Imo,
595 3030 672 3085 ait
695 3029 1004 3106 Amphion,
1034 3048 1224 3107 regem
1243 3069 1259 3099 ‚
1289 3027 1332 3082 si
1360 3037 1509 3083 tanta
1538 3028 1745 3105 cupido

1304 3110 1346 3183 3'5
1392 3114 1464 3177 13
