2079 3613
499 257 611 314 516
742 253 1185 317 ΤΗΕΒΑῙοοε,
1238 257 1380 305 ΗΒ.
1432 260 1504 307 v.
1731 250 1854 312 135

365 355 526 430 Soepe
547 372 715 430 super
731 352 932 410 fluvios
955 352 1189 429 geminae
1206 351 1355 427 jacet
1377 371 1574 429 aggere
1597 353 1735 429 ripae

366 437 703 506 Continuu8‚
731 436 1089 513 squamisque
1111 435 1313 494 incisus
1333 435 1599 494 adaestuat
1615 440 1815 496 amnis,

366 525 475 581 Sed
491 544 638 582 nunc
663 522 867 602 Ogygii
885 523 1045 599 jussis
1068 526 1297 600 quando
1320 524 1501 580 omnis
1520 524 1747 584 anhelat

365 612 541 668 Terra
574 607 712 680 Dei,
746 607 1095 687 trepidaeque
1120 611 1302 667 latent
1326 608 1386 666 in
1407 601 1652 686 ‘pulvere

585 694 864 771 Nymphae
883 736 900 766 ,

360 781 567 839 saevior
590 779 852 837 anfractu
875 779 1119 837 laterum
1148 781 1371 839 sinuosa
1396 795 1735 860 retorquens

362 867 544 945 Terga
570 865 719 939 solo,
744 867 988 943 siccique
1013 888 1227 925 nocens
1254 870 1385 927 furit
1408 871 1540 946 igne
1564 869 1785 927 veneni.

358 952 567 1030 Stagna
603 972 709 1028 per
724 995 741 1023 ,
787 966 1122 1031 arentesque
1158 952 1314 1014 lacus
1331 997 1348 1027 ,
1391 957 1687 1030 fontesque

579 1057 866 1112 repressos

355 1120 644 1190 Volvitur,
667 1132 722 1177 et
742 1122 928 1179 vacuis
947 1122 1241 1181 fluviorum
1262 1124 1321 1179 in
1348 1122 1584 1182 vallibus
1608 1138 1783 1182 errat:

354 1208 729 1281 Incertusque
757 1206 870 1278 sui,
905 1208 1186 1285 liquidum
1213 1229 1364 1266 nunc
1396 1229 1528 1266 aera
1551 1210 1748 1266 lambit

355 1290 470 1348 Ore
497 1290 786 1368 supinat03
810 1313 964 1350 nunc
983 1314 1114 1352 arva
1139 1295 1416 1372 gementia
1447 1293 1651 1352 radens

352 1378 565 1433 Pronus
589 1377 839 1434 adbaeret
863 1377 1036 1435 humo
1051 1419 1068 1447 ,
1100 1378 1145 1436 si
1169 1379 1308 1457 quid
1334 1378 1635 1436 viridantia
1660 1381 1858 1437 sudent

352 1460 644 1519 Gramina.
670 1464 951 1521 Percussae
977 1463 1174 1522 calidis
1203 1464 1475 1522 afflatibus
1499 1464 1688 1523 herbae
1710 1508 1727 1537 ,

355 1552 478 1620 Qua
508 1548 636 1608 tulit
669 1569 796 1620 ora,
830 1549 1072 1621 cadunt,
1104 1551 1451 1627 moriturque
1484 1551 1560 1609 ad
1592 1551 1755 1610 sibila

577 1655 826 1712 campus,

353 1720 606 1792 Quantus
630 1719 701 1776 ab
720 1721 935 1777 Arctois
956 1720 1303 1779 discriminat
1322 1722 1526 1782 aethera
1547 1721 1822 1799 plaustris

352 1805 556 1882 Anguis
587 1804 663 1860 ad
692 1826 867 1882 usque
902 1809 1108 1880 Notos,
1143 1806 1501 1886 alienumque
1535 1810 1651 1868 exit
1682 1810 1744 1868 in

579 1888 772 1945 orbem
793 1909 811 1945 ι

356 1976 616 2048 Quantus
648 1986 703 2029 et
731 1972 823 2032 ille
853 1976 999 2033 sacri
1033 1976 1203 2053 spiris
1234 1975 1442 2033 intorta
1471 1976 1734 2035 movebat

355 2058 582 2115 Cornua
597 2061 878 2133 Parnassi,
905 2063 1084 2120 donec
1110 2061 1213 2119 tibi
1232 2106 1249 2132 ‚
1279 2061 1468 2134 Delie,
1499 2063 1674 2133 fixus,

352 2141 522 2203 Vexit
547 2144 912 2204 arundineam
937 2161 1182 2206 centeno
1209 2147 1443 2205 vulnere
1470 2147 1711 2227 sylvam.

423 2228 561 2303 Quis
586 2229 711 2297 tibi,
730 2252 935 2308 parve,
957 2235 1113 2291 Deus
1138 2247 1251 2291 tam
1273 2234 1460 2312 magni
1480 2234 1732 2311 pondera
1754 2233 1861 2291 sati

349 2312 507 2370 Sorte
532 2312 731 2370 dedit‘.¹>
750 2328 885 2372 tune
911 2317 1023 2375 hoc
1050 2321 1146 2377 vix
1164 2318 1349 2395 prima
1368 2320 1440 2377 ad
1463 2319 1654 2377 limina
1675 2319 1803 2378 vitae
1835 2334 1838 2335 ’

349 2398 524 2453 Hoste
547 2398 738 2471 jaces(¹>
768 2421 840 2453 an
859 2414 921 2456 ut
946 2403 1079 2457 inde
1107 2422 1268 2460 sacer
1283 2426 1388 2480 per
1409 2405 1609 2461 saecula
1634 2406 1822 2461 Graiis

347 2480 626 2535 Gentibus
642 2521 658 2548 ,
684 2495 739 2535 et
763 2496 918 2540 tanto
947 2485 1146 2562 dignus
1170 2508 1450 2547 morerere
1477 2487 1782 2568 sepulcro?

348 2559 615 2629 Occidis:
633 2575 894 2620 extremae
917 2568 1203 2627 districtus
1220 2575 1453 2629 verbere
1482 2575 1706 2642 caudae,

348 2647 561 2723 Ignaro
583 2661 849 2725 serpente
867 2691 883 2720 ,
914 2671 1058 2727 puer
1083 2658 1096 2707 Ξ
1127 2657 1265 2731 sugit
1287 2658 1444 2714 ilicet
1471 2671 1626 2713 artus

350 2733 625 2805 Somnus,
654 2736 793 2792 etin
822 2735 1000 2793 solam
1020 2751 1327 2815 patuerunt
1353 2742 1568 2818 lumina
1591 2756 1850 2805 mortem.

426 2822 571 2879 Cum
598 2835 788 2881 tamen
813 2827 1057 2883 attonito
1094 2826 1336 2884 moriens
1367 2831 1585 2909 vagitus
1606 2831 1665 2888 in
1690 2854 1856 2891 ain-as

229 2915 253 2927 ²
350 2908 606 2979 Excidit,
637 2923 694 2967 et
718 2914 897 2987 ruptis
920 2913 1202 2973 immutuit
1229 2935 1324 2973 ore
1352 2918 1616 2993 quereliS‚

356 2986 592 3069 (Qualia
618 3016 731 3054 non
760 3011 902 3059 totas
923 3015 1205 3078 peragunt
1228 3002 1506 3065 insomnia
1531 3025 1696 3068 voces
1718 3050 1733 3078 ,
1757 3005 1777 3082 )
