2079 3613
1818 264 1851 277 .-

562 276 670 348 229
779 271 1221 342 murmano&
1274 274 1420 321 mn.
1471 275 1581 324 1x.
1727 263 1851 322 250

348 370 515 427 Unda
540 371 694 428 viros
710 412 725 440 ‚
758 370 1021 443 claraque
1050 386 1330 424 armorum
1356 368 1681 425 incenditur

581 456 798 512 umbra.

345 542 617 599 Insiluere
645 541 802 598 vadis
826 567 842 608 3
871 560 1184 616 magnoque
1211 541 1428 616 fragore
1453 540 1670 596 solutus

346 630 569 703 Agger,
591 641 647 684 et
674 627 921 683 adversae
950 624 1238 682 latuerunt
1263 624 1497 701 pulvere
1521 626 1673 702 ripae.

416 713 558 770 Ille
549 733 769 789 quoque
792 710 1023 768 hostiles
1049 711 1194 767 saltu
1218 712 1433 786 majme
1452 732 1554 786 per
1573 710 1759 767 undas

335 793 506 855 Irruit
532 798 783 855 attonitis
811 797 1065 876 (longum
1095 783 1373 852 dimittere
1399 794 1682 871 habenas)

341 882 496 937 Sicut
522 893 672 948 erat,
695 893 911 938 tantum
937 880 1105 936 vi1idi
1131 881 1315 938 defixa
1342 900 1650 958 parumper
1717 919 1723 928 ·

337 964 565 1039 Cespite
583 1006 598 1033 ‚
627 924 879 1039 p’opuleo
907 966 1266 1021 commendat
1290 965 1499 1040 spicula
1520 980 1737 1022 truncO.

340 1052 501 1103 Tune
530 1068 664 1104 vero
690 1048 973 1102 exanimes
991 1048 1217 1102 tradunt
1238 1049 1590 1123 rapientibus
1614 1050 1761 1107 ultro

342 1135 515 1206 Arma
541 1130 699 1188 vadis
726 1150 740 1186 ε
772 1130 863 1186 alii
894 1130 1119 1187 dimissa
1149 1132 1363 1188 casside
1388 1174 1404 1201 ‚
1433 1146 1705 1208 quantum

338 1218 599 1284 Tendere
628 1230 859 1274 conatus
886 1216 1081 1274 animae
1107 1216 1338 1273 valuere
1361 1220 1466 1275 sub
1495 1218 1690 1287 undiS,

336 1305 527 1380 Turpe
547 1301 741 1358 latent.
770 1302 930 1359 Multi
955 1302 1180 1360 fluvium
1209 1305 1583 1361 transmittere
1602 1304 1786 1360 nando

330 1386 636 1464 Aggressi3
670 1389 769 1445 sed
798 1385 986 1446 vincla
1013 1400 1243 1455 tenent,
1267 1387 1544 1464 laterique
1575 1401 1850 1465 repugnat

330 1474 557 1529 Balteus
576 1515 596 1542 ‚
624 1486 681 1527 et
710 1473 965 1532 madidus
992 1472 1222 1530 deducit
1246 1487 1478 1550 pectora
1506 1474 1732 1533 thorax.

334 1558 532 1631 Qualis
560 1558 817 1618 coeruleis
845 1559 1061 1616 tumido
1084 1560 1186 1615 sub
1214 1562 1431 1636 gurgite
1463 1573 1647 1616 terror

334 1642 614 1709 Piscibus,
642 1644 827 1700 arcani
845 1645 1063 1720 quoties
1089 1644 1307 1701 devexa
1335 1644 1602 1720 profundi

337 1728 690 1785 Scrutantem
717 1729 983 1803 delphina
1001 1728 1197 1786 vident
1221 1748 1234 1782 ε
1264 1730 1406 1804 fugit
1432 1730 1606 1786 omnis
1630 1731 1686 1786 in
1706 1732 1845 1788 imos

334 1813 529 1868 Turba
555 1813 710 1867 lacus
728 1853 748 1880 ,
769 1811 1091 1886 viridesque
1111 1827 1267 1868 metu
1289 1814 1565 1888 stipantur
1586 1819 1644 1869 in
1663 1816 1809 1892 algas
1823 1837 1847 1889 3·

332 1901 449 1955 Nec
474 1898 631 1974 prius
658 1897 893 1967 emersi,
924 1917 1092 1971 quam
1117 1916 1328 1952 summa
1349 1919 1459 1973 ‘per
1483 1919 1725 1974 aequo-ra

551 1984 735 2040 flexus*

322 2067 539 2126 Emicet
556 2111 572 2139 .,
599 2082 655 2124 et
679 2068 811 2126 visis
836 2067 996 2124 malit
1018 2076 1236 2125 certare
1259 2069 1476 2127 carinis.

359 2151 553 2237 '‘Talis
579 2154 930 2231 agitsparsos
946 2196 965 2224 ,
983 2154 1290 2232 mediisque
1308 2155 1366 2213 in
1387 2157 1651 2216 fluctibus
1667 2158 1843 2218 heros

322 2238 504 2294 Frena
531 2259 702 2295 manu
726 2238 938 2315 paritet
953 2280 976 2310 ,,
993 2239 1203 2316 pariter
1226 2241 1371 2318 regit
1395 2263 1575 2312 arma,

545 2323 868 2399 pedumque

318 2394 579 2483 Remigio
606 2420 892 2464 sustentat
904 2431 1146 2485 equum,
1179 2425 1556 2488 consuetaque
1575 2432 1807 2489 campo

318 2492 608 2558 Fluctuat
636 2505 693 2546 et
720 2514 923 2549 mersa
907 2495 1085 2552 levis
1112 2494 1314 2572 ungula
1341 2499 1532 2572 quaerit
1561 2519 1778 2556 arenas.

318 2572 533 2632 Sternit
560 2576 582 2626 I
592 2593 696 2628 ona
720 2573 977 2631 Chromis
1003 2595 1017 2630 ε
1049 2577 1325 2635 Chromin
1350 2581 1662 2655 Antiphus;

543 2657 842 2734 Antiphon
884 2662 1147 2736 Hypseus
1168 2687 1185 2728 ς

316 2747 581 2820 Hypseus
610 2747 898 2843 Astyagen
918 2788 933 2815 ,
966 2767 1400 2824 evasurumque,
1423 2748 1619 2806 relicto

315 2833 537 2899 Amne,
567 2826 795 2900 Linum,
826 2832 884 2887 ni
909 2835 1022 2889 fata
1047 2846 1274 2902 vetent,
1303 2847 1357 2890 et
1376 2835 1619 2890 stamine
1641 2835 1831 2911 primo·

314 2912 568 2970 Ablatum
595 2914 792 2973 tellure
812 2917 973 2973 mori.
1000 2919 1210 2975 Premit
1237 2919 1456 2996 agmina
1476 2919 1701 2978 Thebes

315 2995 756 3075 Hippomedon.
777 3003 966 3060 turbat
986 3004 1214 3063 Danaos
1237 3006 1473 3083 Asopius
1492 3007 1784 3088 Hypseus·
1765 3050 1785 3079 ,
