2079 3613
435 295 534 350 170
676 274 1115 339 THEBAIDOS,
1168 279 1446 330 LIB.11.
1713 275 1793 335 35

294 398 323 428 ε(
344 374 417 430 Di
453 373 630 440 bene,
664 371 820 449 quod
860 371 997 431 tales
1034 373 1378 479 stirpemque
1421 374 1748 485 animosque

434 459 637 517 venitis
657 501 672 529 ‚

295 571 322 599 «
342 551 421 603 Ut
441 565 708 623 iesponsa
727 545 952 620 juvent!
975 543 1083 601 Hic
1109 545 1260 603 durae
1284 559 1539 624 tempore
1557 547 1740 604 noctis

296 659 323 686 ι(
344 636 542 690 Partus
580 634 762 690 honos
800 652 813 687 ε
854 633 973 689 haec
1010 632 1107 688 illa
1142 632 1293 691 venit
1334 647 1466 710 post
1499 633 1740 693 verbera

436 737 648 776 merces
677 744 730 774 ».

363 804 663 860 Audierant
689 823 703 874 ;
732 805 986 879 fixosque
1013 802 1200 859 oculos
1225 823 1329 880 per
1347 815 1543 860 mutua
1566 807 1799 881 paulum

292 893 407 946 Ora
433 901 625 946 tenent
641 935 657 960 ‚
683 889 899 966 visique
934 889 1079 946 inter
1100 908 1221 945 sese
1254 889 1451 946 ordine
1477 889 1637 946 fandi

281 973 514 1032 ‘Cedere
533 995 547 1046 ;
578 976 681 1031 sed
695 976 909 1031 cunctis
925 974 1163 1053 Tydeus
1189 974 1484 1032 audentior
1502 974 1641 1031 actis

293 1061 502 1136 Incipit
525 1080 538 1114 t
575 1085 602 1113 ι(
626 1066 679 1116 Ο
699 1080 868 1134 quam
886 1073 944 1116 te
963 1081 1201 1134 parcum
1225 1061 1283 1115 in
1306 1063 1587 1137 praeconia
1608 1062 1767 1117 samae

297 1170 326 1198 α
346 1149 512 1200 Mens
531 1144 704 1221 agitat
725 1148 943 1201 m'atura
960 1156 1071 1201 tuae
1084 1187 1099 1215 ‚
1120 1156 1504 1222 quantumque
1529 1147 1803 1202 ferentem

297 1252 328 1282 <c
345 1235 647 1307 Fortunam
667 1231 870 1286 virtute
889 1229 1084 1286 domas
1103 1235 1116 1284 !
1141 1230 1245 1287 Cui
1264 1229 1418 1286 cedit
1436 1230 1712 1286 Adrastus

294 1340 325 1369 ι(
345 1314 653 1391 Imperiis?
685 1317 811 1392 quis
835 1329 893 1372 te
921 1316 1062 1375 solio
1091 1317 1350 1393 Sicyonis
1377 1314 1541 1375 avitae

295 1427 326 1456 «
346 1404 603 1459 Excitum
626 1403 876 1460 infrenos
904 1422 1243 1481 componere
1265 1402 1487 1479 legibus
1508 1404 1681 1478 Argos

297 1515 327 1544 ι(
347 1487 608 1548 Nesciat?
633 1502 803 1566 atque
830 1491 1049 1546 utinam
1074 1490 1162 1546 his
1187 1490 1447 1548 manibus
1471 1491 1804 1567 permittere

440 1588 639 1654 gentes
655 1619 670 1645 ‚

297 1688 327 1716 t<
347 1663 384 1718 J
387 1675 614 1740 upplter
631 1684 807 1741 aeque,
826 1663 986 1733 veli5‚
1011 1681 1153 1738 quas
1173 1663 1410 1718 Doricus
1431 1660 1622 1737 alligat
1640 1659 1805 1718 undis

294 1771 325 1800 «
345 1742 614 1817 IsthmOS‚
654 1760 711 1804 et
751 1746 968 1804 alterno
1010 1767 1149 1824 quas
1182 1746 1433 1824 margine
1471 1745 1764 1802 submovet

443 1832 626 1887 infra.
614 1838 625 1872 ¹

298 1942 327 1972 α
345 1920 472 1973 Non
491 1918 715 1992 fugeret
734 1917 886 1973 diras
909 1918 1007 1973 lux
1031 1919 1293 1973 intercisa
1312 1921 1633 1996 Myeaeuas·
1618 1959 1635 1985 ,

298 2028 328 2057 α
347 2006 500 2060 Saeva
524 2024 635 2060 nec
654 2002 802 2060 Eleae
826 2013 1117 2081 gemerent
1148 1995 1462 2057 certamina
1482 1995 1657 2058 valles
1674 2041 1692 2069 ‚

298 2111 328 2143 α
346 2089 799 2165 Eumenidesque
825 2090 945 2147 aliis
966 2087 1085 2145 aliae
1106 2088 1210 2145 sub
1232 2086 1491 2164 regibus;
1518 2096 1575 2141 et
1608 2103 1733 2160 quae

297 2180 326 2230 ι’(
346 2178 432 2233 Tu
450 2175 666 2254 potior,
685 2175 963 2232 Thebane
976 2218 992 2245 .,
1019 2174 1203 2251 queri.
1230 2175 1347 2231 Nos
1363 2192 1501 2231 vero
1521 2171 1809 2244 volentes‚·

295 2281 324 2315 α
345 2262 713 2339 Expositique
741 2262 935 2318 animis
962 2286 1009 2315 n.
1037 2262 1125 2317 Sic
1151 2259 1476 2327 interfatu53
1502 2271 1561 2315 et
1588 2258 1733 2316 alter

291 2348 521 2422 Subjicit
548 2368 562 2402 ε
599 2373 627 2402 «
644 2351 812 2404 Anne
839 2347 1038 2424 aliquis
1066 2368 1291 2405 soceros
1313 2347 1586 2404 accedere
1616 2343 1759 2401 tales

296 2458 325 2487 «ι
346 2432 607 2490 Abnuat‘?
627 2431 911 2488 exsulibus
933 2451 1260 2507 quanquam
1278 2431 1581 2509 patriaque
1602 2430 1809 2506 fugatis

297 2542 327 2571 «
347 2518 620 2574 Nondum
635 2515 758 2572 Iaeta
768 2517 986 2585 Venus,
999 2531 1195 2574 tamen
1214 2520 1392 2574 omnis
1409 2517 1581 2574 corde
1596 2514 1812 2573 resedit

297 2600 636 2671 «Tristitia',
668 2600 929 2676 affixique
960 2605 1147 2659 animo
1170 2623 1392 2659 cessere
1419 2603 1670 2659 dolores·

296 2717 329 2749 t<
349 2696 473 2748 Nec
497 2689 682 2747 minus
710 2686 829 2744 haec
852 2686 963 2744 laeti
989 2688 1264 2744 trahimus
1293 2689 1510 2756 solatia,
1536 2706 1705 2763 quam
1731 2684 1806 2743 si'

300 2775 633 2851 &Praecipiti
660 2773 928 2831 convulsa
955 2774 1106 2831 Noto
1123 2817 1139 2847 ,
1168 2784 1503 2852 prospectet
1530 2772 1765 2829 amicam

304 2886 332 2930 ᾳ
354 2862 570 2938 Puppis
595 2861 864 2917 humum:
887 2863 1046 2937 juvat
1071 2862 1355 2939 ingressos
1371 2857 1558 2915 felicia
1581 2859 1743 2935 regni

301 2970 332 3000 α
352 2947 557 3004 Omina
577 2992 594 3020 ,
620 2948 777 3027 quod
801 2962 1060 3024 superest
1085 2950 1185 3006 fati
1216 2948 1453 3022 vitaeque
1485 2943 1738 3002 laborum
1755 2985 1771 3015 ,

299 3056 330 3085 α
355 3035 602 3096 Fortuna
633 3036 875 3095 transire
908 3048 1001 3096 tua
1031 3060 1085 3092 2).
1115 3036 1238 3101 Nec
1267 3034 1432 3110 plura
1460 3033 1695 3104 morati,
