2079 3613
350 271 478 314 110
657 253 1097 341 THEBAIPOS‚
1147 254 1295 304 LIB.
1346 255 1452 304 lv.
1549 252 1659 330 749

350 385 381 413 «
405 366 489 416 De
514 377 674 435 grege
700 354 1008 413 transmisit
1033 353 1320 422 thalamis,
1344 370 1442 409 seu
1463 350 1653 427 lapsus
1678 347 1751 406 ab

491 444 649 501 astris
1137 512 1144 518 ·

284 581 294 594 ,
346 556 376 584 α
397 531 523 588 Non
547 528 775 606 humilis·
799 521 1089 585 foecundat
1115 541 1268 581 amer
1297 520 1518 601 (neque
1544 522 1694 578 enim
1719 522 1840 599 ipse

485 618 737 672 Deorum

341 724 371 755 a
389 700 651 768 Arbiter,
678 695 1011 776 Argolidum
1036 694 1302 752 thalamis
1324 692 1536 773 novus)
1565 692 1755 774 aspice

479 797 676 841 moesta

339 894 369 923 «ι
391 869 652 945 Agmina.
680 870 795 923 Nos
818 869 964 924 ferro
986 863 1211 921 meritas
1229 862 1553 921 exscindere
1579 862 1804 922 Thebas

342 978 371 1006 «
393 957 562 1010 Mens
587 953 745 1026 tulit3
767 952 984 1009 imbelli
1010 952 1114 1007 sed
1131 970 1281 1008 nunc
1303 948 1418 1005 sitis
1443 950 1608 1005 anxia
1631 952 1747 1006 sato
1762 991 1780 1020 .,

340 1063 371 1091 «
392 1039 786 1117 submittitque
813 1040 1057 1108 animos,
1086 1050 1144 1093 et
1169 1034 1370 1092 inertia
1390 1034 1591 1089 robora
1613 1037 1813 1112 carpit.

337 1146 368 1175 κ
388 1128 471 1181 Da
494 1124 692 1181 sessis
675 1147 733 1180 m
758 1126 926 1182 rebus
952 1145 1157 1200 opem,
1186 1142 1288 1178 seu
1311 1119 1570 1177 turbidus
1589 1122 1795 1194 amah,

338 1233 365 1261 «
389 1210 494 1266 Seu
518 1210 621 1265 tibi
649 1197 797 1267 foeda
828 1210 1009 1285 palus.
1037 1207 1194 1264 Nihil
1213 1205 1365 1261 hac
1350 1226 1408 1260 in
1430 1218 1580 1263 sorte

477 1293 803 1372 pudendum
819 1338 835 1364 .‚

338 1403 367 1432 α
389 1380 482 1435 Nil
507 1379 718 1436 humile
749 1394 849 1437 est.
878 1385 969 1436 Tu
992 1398 1147 1459 nunc
1173 1377 1353 1435 ventis
1372 1420 1386 1448 ,
1409 1376 1714 1457 pluvioque

475 1467 687 1540 rogaris

335 1553 486 1608 «Pro
511 1553 661 1609 Jove
684 1570 697 1606 ε
727 1563 789 1606 tu
814 1552 1038 1626 refugas
1063 1550 1242 1618 vii-ee,
1271 1561 1328 1605 et
1353 1560 1588 1625 pectora
1614 1548 1759 1607 bello
1799 1555 1802 1560 ⁴
1880 1594 1885 1601 .

335 1659 365 1688 «
387 1638 712 1690 Exanimata
740 1635 920 1710 reple.
949 1635 1038 1690 Sic
1059 1634 1165 1689 hoc
1185 1635 1291 1689 tibi
1317 1633 1500 1690 sidere
1524 1637 1725 1693 dextro

336 1731 365 1771 ι’(
380 1721 617 1788 ν(3]ἐ35ωη
643 1719 811 1775 onus!
833 1723 1078 1776 Tantum
1099 1717 1332 1774 reduces
1354 1719 1446 1776 det
1472 1719 1699 1775 flectere

475 1823 692 1879 gressus

326 1910 357 1947 >›
380 1893 417 1948 J
421 1903 679 1967 uppiter
707 1911 740 1946 o
767 1902 982 1966 quanta
1005 1890 1141 1946 belli
1164 1890 1444 1947 donabere
1471 1889 1694 1967 praedn'

330 2003 360 2033 «
379 1979 480 2036 Dir
481 1997 621 2034 caeos
648 1975 785 2044 tibi,
814 1977 995 2046 Diva,
1027 1997 1250 2053 greges,
1277 1997 1679 2053 numerumque

472 2018 785 2136 rependani

332 2169 362 2199 κ
380 2145 597 2212 Plebis,
627 2156 684 2199 et
707 2142 800 2199 hic
824 2164 1018 2219 magna
1043 2144 1202 2205 lucus
1229 2144 1541 2222 signabitur
1567 2167 1679 2201 ara.
1701 2169 1729 2199 n

415 2231 601 2300 Dixit,
632 2243 688 2286 et
714 2231 915 2287 orantis
941 2233 1128 2288 media
1153 2234 1305 2288 inter
1326 2230 1602 2287 anhelitus
1621 2232 1828 2290 ardens

327 2315 517 2372 Verba
544 2315 723 2391 napit,
742 2336 1022 2391 cursuque
1045 2317 1240 2372 animae
1260 2314 1410 2370 labat
1432 2313 1584 2370 arida
1610 2316 1825 2390 lingua.

327 2401 490 2459 Idem
513 2422 701 2458 omnes
730 2404 1023 2480 pallorque
1052 2404 1232 2470 vitos,
1261 2402 1533 2479 flatusque
1558 2401 1727 2456 soluti
1797 2460 1802 2475 Ι

328 2484 459 2542 Oris
483 2487 673 2544 habet.
703 2487 906 2545 Reddit
935 2487 1173 2543 demisso
1203 2485 1430 2542 Lemnia
1456 2486 1654 2545 vultu.

329 2595 359 2626 «
359 2572 519 2629 Diva
550 2573 776 2650 quidem
796 2571 984 2639 vobiS,
1014 2572 1114 2627 etsi
1137 2571 1384 2629 coelestis
1394 2594 1456 2629 οι
1461 2575 1549 2648 igo
1571 2588 1654 2629 est
1675 2615 1693 2644 ‚

328 2680 359 2711 a
377 2657 539 2714 Unde
565 2680 667 2733 ego
685 2658 712 2714 ’ἕ
732 2657 1003 2715 Mortales
1023 2660 1233 2715 utinam
1253 2657 1407 2714 haud
1432 2671 1773 2732 transgressa

472 2744 698 2800 fuissem

329 2850 359 2880 «
377 2829 681 2886 Luctibus!
710 2826 957 2884 altricem
982 2824 1236 2880 mandati
1264 2824 1493 2881 cernitis
1518 2825 1713 2884 orbam

327 2934 358 2967 t<
374 2913 628 2989 Pignoris
656 2935 669 2969 2
700 2926 756 2969 at
776 2910 981 2971 nostris
1006 2931 1078 2968 an
1098 2907 1417 2988 quis·sinuS›‚
1445 2909 1736 2990 uberaque

472 3000 585 3053 ulla
600 3037 621 3067 ,
