2079 3613
529 324 591 360 ,ο
682 300 1112 366 sumnum,
1162 301 1307 351 nm.
1357 301 1468 350 ιν.
1610 285 1735 367 547

235 398 378 456 Exta
404 400 548 457 ferat
575 416 592 454 t
617 418 718 455 cur
741 383 960 454 Tuscus
990 415 1132 472 aper.
1148 393 1468 472 generosior
1490 390 1706 450 Umbro
1725 415 1742 459 ς

236 483 485 541 Lubrica
509 504 622 561 qua
644 480 915 541 recubent
938 479 1239 557 conchylia
1266 476 1484 535 mollius
1510 476 1653 552 alga.
1719 518 1724 519 ff

235 567 417 626 Nobis
439 589 607 627 verus
629 587 783 625 amor
803 607 821 638 ‚
855 566 1159 641 medioque
1185 563 1456 620 Helicone
1482 561 1695 637 petitus

232 651 455 725 Sermo,
482 654 798 731 hilaresque
824 654 939 728 joci
963 649 1277 709 brumalem
1304 648 1595 706 absumere

370 810 375 811 ⁷
460 753 690 798 noctem

231 828 569 899 Suaserunt‚
597 824 935 902 mollemque
958 821 1139 881 oculis
1158 820 1441 901 expellere
1462 836 1742 888 somnum,

229 913 428 970 Donec
449 912 521 969 ab
540 911 748 988 Elysiis
771 909 1069 988 prospexit
1094 907 1316 964 sedibus
1341 908 1486 966 alter
1537 917 1557 930 *

231 997 462 1066 Castor,
490 1008 549 1052 et
577 994 872 1053 hesternas
895 991 1015 1048 risit
1041 990 1267 1046 Titonia
1291 1009 1531 1048 mensas.

304 1085 358 1138 Ο
380 1079 532 1136 bona
544 1085 677 1136 nox!
706 1077 1008 1154 junctaque
1036 1075 1254 1133 utinam
1276 1071 1572 1150 Tirynthia
1585 1071 1739 1140 luna,

144 1218 151 1225 .
228 1169 356 1224 Nox
381 1178 436 1223 et
460 1165 763 1244 Erythraeis
790 1161 1016 1220 Thetidi
1047 1161 1313 1237 signanda
1338 1158 1579 1235 lapillis,

231 1253 304 1308 Et
330 1250 693 1310 memoranda
719 1249 817 1305 diu
836 1290 854 1320 ,
881 1246 1217 1326 geniumque
1242 1245 1507 1303 habitura

449 1338 790 1414 perennem!

221 1418 381 1476 ‘Mille
399 1419 479 1475 ibi
500 1432 631 1475 tunc
655 1418 900 1495 species,
926 1416 1161 1493 aerisque
1183 1415 1477 1490 eborisque
1504 1410 1741 1482 vetusti,
1799 1428 1802 1429 ⁷

227 1508 410 1582 Atque
438 1506 722 1563 locuturas
746 1502 984 1561 mentito
1012 1521 1255 1577 corpore
1278 1519 1437 1558 ceras

226 1590 471 1662 Edidici.
502 1590 644 1662 Quis
667 1607 914 1662 namque
939 1585 1120 1641 oculis
1144 1584 1448 1640 certaverit
1468 1601 1707 1659 usquam
1770 1607 1772 1609 ¹

227 1673 487 1734 'Vindicis
502 1713 518 1743 ,
547 1671 826 1729 artificum
843 1680 1069 1727 veteres
1090 1687 1391 1746 agnoscere
1413 1668 1614 1725 ductus
1629 1709 1646 1737 ‚

223 1761 303 1817 Et
326 1778 443 1821 non
470 1755 756 1835 inscriptis
775 1766 1064 1814 auctorem
1085 1750 1322 1811 reddere
1347 1751 1561 1829 signis?

225 1846 337 1901 Hic
361 1843 464 1900 tibi
489 1862 612 1920 quae
636 1841 802 1900 docto
828 1840 1065 1898 multum
1090 1840 1318 1917 vigilata
1342 1840 1572 1917 Myroni

210 1929 366 1988 '‘AEra
389 1968 407 1998 ‚
434 1927 721 1986 laboriferi
744 1926 939 1985 vivant
962 1945 1089 2003 quae
1112 1943 1394 1981 marmora
1418 1922 1551 1981 caelo

225 2011 553 2084 Praxitelisg
582 2012 736 2088 quod
762 2010 905 2068 ebur
928 2010 1101 2067 Pisoeo
1122 2007 1328 2088 pollice
1353 2028 1539 2065 rasum
1560 2048 1580 2080 ‚

225 2100 397 2175 Quod
421 2096 767 2174 Polycletaeis
781 2098 991 2172 jussum
1010 2108 1099 2154 est
1117 2094 1336 2174 spirare
1363 2093 1594 2152 caminis
1610 2137 1627 2167 ‚

222 2182 400 2240 Linea
425 2201 551 2259 quae
574 2194 821 2240 veterem
847 2179 1015 2256 longe
1042 2181 1289 2237 fateatur
1312 2178 1611 2257 Apellem,

134 2338 142 2342 ,
227 2264 569 2324 Monstrabit
592 2284 607 2320 t
635 2285 876 2342 namque
905 2262 1029 2322 haec
1046 2305 1064 2337 ‚
1093 2263 1317 2342 quoties
1341 2263 1554 2341 chelyn
1582 2264 1744 2323 exuit

449 2348 532 2404 illi
556 2388 574 2420 ‚

227 2431 460 2491 Desidia
488 2444 572 2487 est
595 2449 614 2502 ς
636 2430 737 2485 hic
758 2431 959 2488 Aoniis
985 2439 1142 2489 ainor
1159 2444 1355 2489 avocat
1379 2430 1571 2487 antris.

231 2521 368 2576 Haec
389 2515 572 2584 inter,
604 2516 756 2571 festae
774 2515 989 2574 Genius
1016 2515 1307 2593 tutelaque
1328 2506 1532 2573 mensae

230 2596 819 2677 Amphitryoniades,
841 2598 1017 2654 multo
1038 2618 1164 2653 mea
1189 2599 1360 2676 coepit
1378 2618 1569 2656 amore

228 2687 506 2758 Pectora,
534 2702 644 2739 nec
668 2680 838 2757 longo
866 2677 1090 2738 satiavi!
1107 2679 1317 2737 lumina
1345 2683 1507 2739 visu.
1549 2703 1554 2708 ·

228 2772 448 2828 Tantus
471 2766 660 2823 honos
688 2765 885 2843 operi,
911 2764 1164 2841 finesque
1190 2764 1410 2823 inclusa
1434 2786 1535 2844 pei
1560 2780 1744 2827 arctos

230 2857 532 2927 Maiestas!
557 2854 708 2908 Deus
733 2850 859 2922 ille,
886 2852 1069 2909 Deus·
1054 2869 1350 2927 ‚seseque
1333 2851 1658 2910 videndum

231 2937 499 3005 indulsit,
526 2937 775 3015 Lysippe
792 2978 809 3007 ,
838 2933 942 2994 tibi
958 2979 979 3006 ‚‚
1000 2955 1317 3015 parvusque
1343 2937 1523 2995 videri
1543 2977 1564 3010 ,

236 3020 556 3097 Sentirique
583 3021 779 3102 ingens
803 3039 816 3078 :
848 3033 904 3080 et
927 3040 1058 3082 cum
1082 3019 1352 3080 mirabilis
1374 3022 1523 3082 intra
