2079 3613
122 405 152 416 -ο

314 294 398 354 80
615 293 1045 361 mmmmm,
1101 301 1245 348 Lm.
1302 302 1412 349 111.
1508 303 1618 358 660

317 425 347 455 α
364 404 736 474 Humanaeque
750 417 964 474 preces.
979 394 1132 466 Quid
1148 396 1344 452 inertia
1359 409 1592 472 pectora
1607 409 1813 459 terres?

316 508 347 537 «
366 486 578 541 Primus
595 485 653 540 in
675 484 813 562 orbe
834 485 986 537 Deos
1004 480 1135 537 fecit
1155 480 1340 538 timor.
1365 486 1435 539 Et
1455 484 1557 540 tibi
1579 499 1704 542 tuto

312 592 343 624 κ
366 567 418 626 N
423 590 528 625 unc
549 582 641 626 eat
663 570 770 625 iste
793 571 968 626 furor.
988 566 1099 624 Sed
1122 567 1303 644 prima
1323 569 1395 625 ad
1416 569 1667 641 classica,
1687 593 1814 632 cum

378 657 383 661 ’
451 659 564 732 jam

306 765 335 795 α
357 740 638 797 Hostilem
662 742 925 796 Ismenon
949 741 1117 817 galeis
1142 739 1461 818 Dircenque
1481 742 1738 801 bibemus
1756 787 1774 814 ‚

307 853 338 879 κ
365 828 454 883 Ne
476 824 612 881 mihi
629 838 782 892 tunc,
799 846 1019 896 mone0‚
1038 826 1211 882 lituos
1223 838 1392 901 atque
1407 848 1559 883 arma
1574 829 1811 898 volenti,

307 937 338 966 α
362 912 582 969 Obvius
601 912 685 967 ire
705 932 874 989 pares
892 954 906 980 ‚
933 912 1229 987 ventisque
1256 924 1351 967 aut
1378 910 1505 969 alite
1534 909 1651 970 visa

313 1019 343 1049 α
363 995 641 1053 Bellorum
662 998 920 1073 proferre
944 995 1117 1052 diem.
1146 995 1344 1052 Procul
1367 997 1483 1052 haec
1509 998 1613 1052 tibi
1633 997 1812 1055 mollis

311 1106 342 1134 κ
363 1082 547 1138 Insula
565 1127 578 1150 ,
611 1084 954 1159 terrificique
983 1082 1167 1138 aberit
1192 1081 1473 1138 dementia
1499 1083 1706 1138 Ph‘oebi.

313 1191 343 1222 κ
365 1168 487 1224 Illic
509 1181 682 1245 augur
708 1189 813 1244 ego
830 1212 847 1235 ‚
868 1182 926 1223 et
950 1188 1175 1224 mecum
1200 1168 1513 1243 quicunque
1542 1169 1725 1243 parati

307 1275 337 1305 α
363 1255 616 1308 Insanire
641 1272 830 1309 manu.
857 1274 885 1303 n
912 1256 1115 1307 Rursus
1147 1254 1335 1328 fragor
1365 1253 1588 1308 intonat
1615 1254 1810 1328 ingens

305 1338 683 1403 Hortantum‚·
708 1349 763 1392 et
789 1349 946 1393 vasto
973 1337 1165 1393 subter
1190 1337 1341 1394 volat
1370 1345 1517 1394 astra
1544 1338 1805 1396 tumultu.

271 1422 277 1427 '
305 1422 385 1477 Ut
404 1420 635 1497 rapidus
653 1434 900 1490 torrens,
931 1423 1143 1478 animos
1173 1423 1264 1479 cui
1293 1443 1466 1480 verna
1495 1425 1809 1485 ministrant

302 1506 584 1575 Flamina,·
609 1521 662 1564 et
689 1508 844 1563 exuti
866 1522 1127 1566 concreto
1153 1510 1357 1585 frigore
1381 1511 1551 1567 colles
1573 1554 1587 1579 ,

306 1594 450 1649 Cum
475 1613 651 1671 vagus
677 1593 736 1650 in
758 1614 984 1670 campos
1009 1596 1216 1651 frustra
1237 1596 1670 1673 prohibentibus
1694 1599 1805 1655 exit

304 1676 576 1733 Obicibus
610 1697 623 1735 τ
654 1691 913 1733 resonant
936 1680 1211 1754 permixto
1240 1683 1466 1739 turbine
1493 1695 1644 1740 tecta
1665 1726 1680 1753 ‚

301 1762 459 1818 Arva
475 1802 491 1832 ‚
524 1774 804 1833 armenta,
830 1763 959 1833 viri,
989 1764 1172 1822 donec
1198 1765 1354 1822 stetit
1379 1766 1672 1844 improbus
1692 1770 1805 1825 alto

307 1844 468 1902 Colle
493 1847 711 1917 minor,
741 1867 1056 1924 magnoque
1083 1850 1301 1908 invenit
1327 1850 1385 1907 in
1407 1871 1606 1928 aggere
1632 1852 1802 1928 ripas.

301 1934 433 1988 Haec
461 1932 674 1989 alterna
704 1931 909 1988 ducum
934 1956 1049 1992 nox
1073 1937 1339 1994 interfusa
1367 1937 1620 1992 diremit.

377 2023 457 2076 At
481 2020 718 2096 gemitus
745 2019 918 2095 Argia
939 2022 1048 2078 viri
1073 2043 1188 2080 non
1217 2020 1458 2095 amplius
1483 2042 1641 2096 aequo

237 2108 242 2113 ’
306 2106 497 2161 Corde
537 2105 751 2171 serem,
790 2105 1114 2183 sociumque
1155 2104 1634 2180 animo-miserata

449 2187 703 2243 dolorem
721 2230 734 2255 ‚

298 2271 454 2328 Sicut
482 2286 602 2329 erat
627 2272 843 2350 pridem
870 2277 1077 2332 laceris
1098 2275 1323 2330 turbata
1353 2270 1569 2350 capillis
1586 2315 1602 2343 ,

301 2356 374 2410 Et
399 2356 531 2411 fletu
558 2356 771 2434 signata
800 2380 996 2436 genas,
1025 2362 1099 2417 ad
1127 2358 1274 2415 celsa
1295 2357 1540 2416 verendi

300 2441 429 2497 Ibat
454 2454 596 2499 tecta
622 2446 802 2521 patris
820 2487 836 2516 ‚
862 2463 1214 2520 parvumque
1242 2440 1347 2498 sub
1373 2442 1551 2497 ubere
1574 2460 1708 2498 caro

301 2528 722 2588 Thessandrum
755 2529 1021 2609 portabat
1048 2548 1168 2584 avo,
1196 2530 1232 2584 J
1237 2549 1324 2584 am
1350 2542 1519 2586 nocte
1545 2532 1804 2607 suprema

298 2617 449 2672 Ante
476 2637 654 2675 novos
675 2631 832 2673 ortus
854 2656 870 2685 ,
897 2615 994 2671 ubi
1015 2615 1130 2669 sola
1157 2618 1454 2693 superstite
1482 2616 1731 2692 plaustro

290 2704 485 2759 Arctos
507 2703 581 2758 ad
600 2703 893 2760 Oceanum
916 2700 1251 2775 fugientibus
1268 2703 1488 2759 invidet
1509 2702 1687 2758 astris·

295 2786 484 2861 thue
514 2788 659 2842 sores
679 2785 810 2840 iniit
827 2826 842 2853 ,
864 2803 1179 2860 magnoque
1201 2789 1376 2845 affusa
1403 2793 1627 2865 parenti
1651 2800 1757 2844 est:

367 2894 396 2922 α
418 2875 534 2928 Cur
559 2885 658 2927 tua
685 2888 814 2926 cum
845 2867 1109 2946 lacrymis
1128 2886 1326 2932 moesto
1352 2874 1469 2931 sine
1500 2876 1738 2949 conjuge

426 2953 670 3029 supplex
1269 2962 1272 2965 ’

291 3063 318 3094 α
344 3039 561 3100 Limina
583 3048 747 3094 nocte
767 3052 978 3119 petam,
1003 3062 1213 3105 cessem
1239 3045 1375 3102 licet
1398 3046 1522 3123 ipsa
1546 3043 1757 3122 profari
1774 3098 1794 3122 λ
