2079 3613
321 231 1804 286 Μ

566 374 1517 483 ἾΡΑΝΕ(ΠΒΙΟΠΜ

1021 575 1109 617 An

387 711 1131 809 CALPURNIUM
1200 714 1730 808 PISONEM.
1814 640 1818 646 ’

309 1008 519 1093 Uunz
545 1037 700 1114 prius
725 1039 896 1113 coepti
922 1049 1112 1114 surgat
1136 1037 1275 1094 mihi
1301 1039 1560 1097 carminis
1584 1039 1727 1096 ordo
1749 1080 1769 1111 ‚

306 1116 536 1196 Quosve
562 1141 759 1178 canam
783 1121 1004 1188 titulos,
1032 1123 1237 1183 dubius
1262 1125 1413 1181 feror
1441 1143 1456 1181 t
1483 1124 1616 1180 hinc
1639 1137 1763 1194 tua,

468 1242 471 1249 ›
525 1206 688 1275 Piso,

309 1289 587 1348 Nobilitas
605 1333 624 1363 ,
650 1293 972 1368 veterisque
1000 1294 1175 1351 citant
1198 1292 1450 1350 sublimia
1481 1293 1649 1370 Calpi

306 1376 543 1433 Nomina
560 1419 577 1448 ‚
607 1379 891 1436 Romanas
914 1380 1060 1436 inter
1083 1379 1358 1455 fulgentia
1382 1391 1595 1457 gentes.

306 1462 456 1520 Hinc
482 1475 576 1519 tua
603 1482 693 1520 me
719 1463 899 1526 virtus
923 1465 1074 1543 rapit
1093 1503 1113 1535 ,
1137 1478 1193 1521 et
1216 1463 1470 1521 miranda
1495 1485 1602 1541 per

525 1567 720 1605 omnes

307 1631 445 1688 vita
469 1629 685 1688 modos,
713 1635 849 1706 Quae
878 1633 924 1689 si
950 1633 1165 1690 deesset
1188 1633 1290 1690 tibi
1312 1634 1456 1691 sorte
1482 1646 1676 1692 creato

233 1759 249 1769 .
304 1713 609 1787 Nobiiitas‚
638 1716 834 1774 eadem
862 1736 966 1792 pro
989 1718 1283 1775 nobilitate
1309 1719 1524 1776 suisset.

310 1799 457 1858 Nam
481 1801 617 1877 quid
643 1801 996 1879 imaginibus,
1021 1801 1162 1879 quid
1188 1802 1354 1862 avitis
1379 1801 1518 1859 fulta

526 1885 826 1962 triumphis

301 1970 465 2027 Atria
487 2010 504 2040 ,
536 1967 677 2044 quid
701 1969 854 2046 pleni
881 1990 1186 2030 numeroso
1210 1972 1436 2030 consule
1463 1972 1593 2030 fasti

299 2053 648 2124 Profuerint,
675 2055 721 2110 si
747 2055 865 2113 vita
889 2052 1085 2111 labat?
1107 2058 1255 2133 perit
1283 2058 1465 2114 omnis
1484 2057 1541 2113 in
1564 2056 1662 2113 illo

301 2139 577 2196 Nobilitas
593 2181 610 2210 .‚
639 2142 800 2215 cujus
823 2140 944 2197 laus
969 2154 1055 2198 est
1076 2141 1139 2198 in
1164 2143 1383 2220 origine
1410 2142 1547 2200 sola.

299 2228 491 2297 Felix,
521 2228 619 2303 qui
646 2227 813 2284 tantis
837 2227 1085 2284 animum
1103 2227 1383 2286 natalibus
1406 2225 1591 2306 aequas
1610 2269 1630 2299 ‚

299 2312 372 2367 Et
396 2325 612 2387 partem
644 2312 789 2368 tituli
807 2333 921 2368 non
945 2333 1220 2369 summam
1245 2314 1410 2389 ponis
1433 2315 1493 2369 in
1521 2313 1663 2369 illis!

297 2399 431 2472 Ipse
458 2396 740 2453 canendus
758 2397 884 2454 eris.
915 2398 1062 2453 Nam
1082 2397 1221 2474 quid
1240 2418 1554 2455 memorare
1577 2415 1805 2457 necesse

531 2492 617 2538 est

301 2569 380 2622 Ut
404 2566 601 2622 domus
626 2587 657 2621 a
684 2566 865 2643 Calpo
889 2585 1100 2625 nomen
1124 2567 1428 2644 Calpurnia
1453 2564 1670 2625 ducat?

299 2650 581 2726 Claraque
604 2652 818 2708 Pisonis
847 2653 1034 2710 tulerit
1061 2653 1394 2731 cognomina
1417 2654 1599 2731 prima
1615 2692 1632 2720 ‚

296 2735 546 2794 Humida
569 2735 771 2794 callosa
797 2757 925 2795 cum
952 2740 1201 2815 pinseret
1226 2739 1442 2796 hordea
1468 2737 1714 2796 dextra?

294 2823 347 2877 N
353 2826 448 2890 ee,
461 2822 506 2877 si
524 2833 722 2879 cuncta
742 2821 932 2892 veiim,
946 2824 1196 2881 breviter
1220 2824 1519 2882 decurrere
1538 2823 1747 2900 possim
1769 2841 1786 2880 ε

295 2905 372 2960 Et
394 2906 552 2981 prius
577 2907 830 2963 aethereae
858 2908 1037 2966 moles
1060 2909 1271 2965 circum
1293 2930 1433 2984 vaga
1458 2909 1686 2965 flammae

297 2988 504 3047 Annua
526 2990 759 3054 bissenis
780 2992 1067 3057 revocabit
1090 2992 1375 3066 mensibqs
1400 3006 1573 3070 astrei
