2079 3613
523 280 594 354 24
766 281 1214 348 turannos,
1266 286 1411 334 mn.
1466 285 1541 334 v,
1643 273 1653 282 ’
1760 281 1879 342 ιι5

391 400 421 431 «
440 380 578 451 Quae
597 377 818 450 domm,
838 393 935 437 aut
962 379 1142 449 tellus»,
1159 380 1400 437 animam
1418 379 1621 455 quibus
1637 378 1890 439 hauseris

613 466 777 523 astris
798 464 826 523 ’.Ρ

395 580 424 609 κ
443 556 551 613 Dic
579 559 703 634 quis
724 572 780 615 et
811 558 905 616 ille
924 556 1132 635 pater?
1155 577 1340 635 neq-ue
1366 557 1517 613 enim
1534 554 1641 613 tibi
1663 556 1889 613 numina

605 643 805 720 longe,

389 760 418 789 «
440 738 747 798 Transierit
768 737 997 795 fortuna
1016 738 1154 796 licet
1177 757 1190 794 ε
1220 740 1645 816 πι3ῇοηῃιερει·
1668 758 1780 794 orar

386 847 414 875 «
435 825 701 901 Sanguis,
730 837 785 880 et
814 824 1018 882 afflicto
1048 824 1221 902 spirat
1241 825 1562 883 reverentia
1590 824 1766 881 vultu.
1790 846 1820 874 »

455 915 733 990 Ingenfft,
763 929 820 971 et
845 914 1077 992 paulum
1100 917 1234 972 ssetu
1260 927 1519 973 cunctata
1542 913 1801 972 modesto

384 998 649 1053 Lemnias
675 1018 800 1054 orsa
819 1001 1022 1055 refert:
1048 1024 1075 1051 «
1092 1002 1366 1056 Immania
1384 999 1617 1057 vulnera
1634 1042 1651 1071 ‚
1672 1012 1882 1068 rector,

386 1105 414 1134 «
437 1084 726 1157 Integrare
753 1082 942 1157 jubes.,
973 1082 1173 1139 Furias
1191 1124 1207 1153 ,
1244 1096 1302 1138 et
1335 1088 1614 1153 Lemnon,
1642 1098 1699 1141 et
1723 1085 1889 1140 arctis

384 1192 413 1221 «
434 1168 611 1223 Arma
635 1167 839 1225 inserta
864 1169 1003 1226 toris
1018 1209 1034 1238 ‚
1066 1167 1485 1245 debellatosque
1510 1168 1778 1245 pudendo

381 1275 413 1305 α
432 1254 577 1310 Ense
607 1273 804 1311 mares·
834 1253 1009 1311 Redit
1034 1272 1168 1310 ecce
1195 1257 1384 1325 nefas,
1415 1267 1472 1311 et
1496 1252 1697 1331 frigida
1726 1251 1885 1310 cordi
1935 1305 1940 1310 ,

384 1359 412 1390 «
435 1337 716 1395 Eumenis.
739 1342 792 1396 O
818 1339 1061 1408 misem,
1086 1337 1289 1415 quibus
1312 1339 1407 1397 hic
1433 1341 1594 1397 furor
1619 1338 1881 1397 additus!

606 1444 639 1480 o
666 1445 780 1480 nox
813 1429 826 1479 !
997 1433 1011 1440 '
1477 1500 1481 1504 .
1769 1430 1774 1436 '

389 1542 417 1571 «
437 1521 488 1575 Ο
514 1522 709 1594 pater!
739 1516 833 1574 illa
855 1536 956 1594 ego
974 1537 1096 1575 sum
1112 1516 1364 1595 (pudeat
1383 1539 1454 1575 ne
1473 1520 1618 1598 ferte
1630 1517 1885 1596 benignae

384 1626 413 1657 «
432 1600 718 1681 Hospitis)
738 1602 830 1659 illa
844 1645 860 1674 ‚
879 1603 1069 1673 duceS,
1084 1617 1309 1681 raptum
1328 1624 1449 1680 quae
1462 1601 1575 1660 sola
1592 1614 1884 1680 parentem

384 1722 412 1750 (ι
433 1698 698 1754 Occului.
727 1698 881 1772 Quid
904 1698 1066 1775 longa
1092 1699 1251 1756 malis
1280 1700 1511 1758 exordia
1537 1701 1749 1758 necto?

384 1803 413 1834 «
434 1782 504 1835 Et
517 1799 619 1839 vos
634 1801 785 1838 arma
800 1798 1028 1855 vocant,
1043 1785 1343 1861 magnique
1362 1786 1420 1841 in
1440 1784 1613 1840 corde
1628 1793 1879 1859 paratus,

383 1868 560 1924 «Hoc
593 1885 929 1929 memorasse
970 1880 1056 1922 sat
1092 1879 1211 1922 est:
1242 1873 1397 1922 claro
1434 1880 1698 1942 generata

593 1942 854 2008 Thoante
871 1992 887 2021 ‚

380 2070 407 2100 «
429 2045 727 2105 Servitium
760 2045 1078 2126 Hypsipyle
1112 2045 1413 2105 vestrifero
1451 2058 1617 2127 capta

599 2133 875 2211 Lycurgi.
903 2155 933 2184 n

445 2219 753 2279 Advertere
774 2220 987 2287 animos
1002 2261 1018 2290 ‚
1043 2222 1335 2297 majorque
1349 2264 1362 2287 ‚
1386 2234 1442 2277 et
1461 2219 1684 2277 honora
1701 2218 1885 2277 videri

375 2310 595 2384 Parque
623 2307 784 2384 operi
808 2320 983 2363 tanto,
1008 2305 1241 2363 Cunctis
1267 2322 1405 2364 tunc
1422 2328 1661 2364 noscere
1688 2325 1843 2362 casus

373 2396 547 2448 Ortus
575 2398 766 2446 amor‘:
790 2403 953 2467 pater
980 2404 1107 2448 ante
1130 2391 1267 2448 alios
1285 2392 1547 2447 hortatur
1570 2390 1877 2446 Adrastus:

454 2504 484 2533 (ε
504 2484 684 2536 Immo
704 2502 836 2554 age,
870 2478 1033 2558 (dum
1055 2483 1222 2558 primi
1247 2483 1412 2560 longe
1443 2484 1637 2539 damus
1662 2481 1881 2558 agmina

594 2564 782 2641 vulgi,
1195 2575 1199 2580 ’

380 2688 409 2717 <c
428 2666 550 2719 Nec
577 2659 758 2716 facilis
785 2658 1010 2717 Nemeae
1034 2658 1175 2715 latas
1200 2661 1451 2716 evolvere
1476 2661 1652 2729 vireS,

379 2773 407 2805 c<
429 2749 659 2824 Quippe
681 2745 911 2802 obtenta
936 2748 1127 2817 comi5‚
1153 2757 1210 2801 et
1228 2742 1610 2801 ineluctabilis
1629 2744 1871 2818 umbra),

379 2860 407 2889 α
427 2834 617 2892 Pande
651 2832 810 2889 nefas
833 2876 847 2901 ,
880 2831 1190 2911 laudesque
1233 2844 1357 2888 tuas
1378 2872 1393 2901 ‚
1435 2829 1781 2908 gemitusque

589 2935 811 2979 tuorum
833 2940 850 2992 ς

381 3039 409 3072 «
426 3016 591 3075 Unde
615 3016 725 3075 hos
751 3015 1014 3079 advenias
1036 3036 1212 3093 regno
1238 3015 1460 3095 dejecta
1484 3013 1722 3074 labores.
