2079 3613
299 316 335 411 ζ
672 332 1116 413 THEBAIDOS,
1160 322 1304 401 1213ss
1355 354 1407 400 1.
1544 369 1612 409 22

291 447 443 504 Bella
471 447 646 504 Jovis.
674 450 905 522 Tuque,
932 450 964 503 ὃ
992 448 1165 504 Latiae
1191 452 1361 505 decus
1388 449 1579 521 addite
1607 452 1793 520 samae,

291 538 472 605 Quem
500 550 646 587 nova
676 533 881 587 maturi
914 532 1248 588 subeuntem
1280 552 1475 589 exorsa
1504 536 1751 610 parentis

290 609 584 677 AEternum
613 616 719 670 sibi
752 618 930 673 Roma
962 618 1159 692 cupit.
1191 619 1325 674 licet
1361 620 1566 676 arctior
1597 640 1795 676 omnes

288 702 473 758 Limes
501 714 625 776 agat
648 700 865 768 stellaS,
900 714 957 757 et
981 715 1035 759 te
1062 701 1227 778 plaga
1251 701 1436 759 lucida
1470 703 1593 760 coeli

287 786 602 855 Pleiadum,
621 791 917 862 Boreaeque
944 799 1002 841 et
1025 786 1200 842 hiulci
1232 785 1481 843 fulminis
1512 808 1714 865 expers

289 868 599 940 Sollicitet3
630 869 762 925 licet
791 869 1120 945 ignipedum
1152 870 1405 927 frenator
1431 892 1707 948 equorum

291 956 426 1032 Ipse
452 955 561 1011 tuis
586 955 695 1011 alte
720 954 1033 1011 radiantem
1060 956 1307 1013 crinibus
1333 977 1523 1014 arcum

288 1042 607 1136 Imprimat‚
637 1053 732 1096 aut
759 1039 944 1115 magni
969 1040 1136 1095 cedat
1163 1041 1265 1096 tibi
1292 1045 1328 1099 J
1333 1044 1562 1118 uppiter
1585 1063 1742 1120 aequa

287 1127 456 1183 Parte
477 1116 633 1203 poli·
602 1165 623 1196 ,
644 1145 871 1181 mane-as
886 1124 1182 1181 hominum
1206 1139 1503 1184 contentus
1522 1126 1758 1182 habenis
1773 1167 1790 1197 ,

289 1208 584 1266 Undarum
613 1221 886 1284 teiraeque
920 1220 1155 1284 potens,
1193 1222 1248 1264 et
1281 1209 1462 1267 sidera
1497 1210 1684 1267 dones,

290 1297 543 1371 Tempus
570 1293 707 1364 erit,
739 1314 866 1350 cum
891 1293 1072 1349 Pierio
1101 1306 1194 1349 tua
1220 1294 1611 1372 fortior-oestro

288 1380 466 1457 Facta
505 1398 741 1447 canam:
776 1399 923 1435 nunc
962 1377 1135 1436 tendo
1173 1377 1423 1453 chelyn:
1466 1379 1598 1434 satis
1638 1399 1791 1435 arma

428 1467 637 1522 referre

290 1551 475 1608 Aonia
496 1591 512 1620 ,
544 1562 600 1607 et
625 1552 861 1628 geminis
886 1563 1168 1628 sceptrum
1195 1547 1420 1606 exitiale
1446 1550 1701 1626 tyrannis
1722 1568 1735 1604 ε

291 1635 416 1691 Nec
437 1635 595 1691 furiis
612 1647 740 1712 post
760 1636 873 1692 sata
894 1628 1119 1690 modum
1132 1633 1525 1707 ,flammasque
1545 1632 1792 1689 rebelles
1824 1658 1830 1663 ·

290 1718 578 1775 Seditione
605 1720 759 1796 rogi,
786 1720 1122 1794 tumulisque
1148 1718 1396 1773 carentia
1423 1737 1614 1793 regum
1655 1716 1658 1719 ’

287 1809 534 1875 Funera,
564 1817 619 1861 et
647 1817 863 1880 egestas
889 1802 1117 1860 alternis
1141 1801 1415 1858 mortibus
1439 1796 1642 1859 urbes:

286 1889 508 1947 Coerula
533 1909 662 1944 cum
686 1888 878 1944 rubuit
903 1893 1131 1942 Lernaeo
1161 1887 1428 1961 sanguine
1454 1879 1620 1941 Duce
1639 1927 1655 1956 ,

285 1978 360 2032 Et
386 1975 578 2032 Thetis
604 1987 826 2029 arentes
852 1984 1131 2028 assuetum
1157 1972 1428 2047 stringere
1450 1972 1633 2047 ripas,

284 2062 409 2116 Hm
410 2071 523 2113 ruit
549 2056 768 2132 ingenti
793 2056 1116 2113 venientem
1142 2059 1403 2113 Ismenon
1429 2074 1649 2111 acervo,

286 2149 469 2218 Quem
485 2142 638 2218 prius
652 2140 887 2197 heroum
903 2181 919 2207 ,
935 2141 1092 2211 Clio,
1113 2138 1311 2197 dabis?
1317 2139 1714 2196 immodicum
1693 2159 1795 2199 πω

288 2222 532 2307 Tydea?
561 2215 855 2300 Laurigeri
882 2224 1096 2282 subitos
1127 2246 1198 2281 an
1232 2227 1374 2282 vatis
1404 2222 1633 2281 hiatus?

287 2316 469 2389 Urget
494 2325 551 2368 et
574 2311 836 2368 hostilem
861 2309 1186 2387 propellens
1210 2310 1454 2367 caedibus
1480 2330 1704 2367 amnem

290 2396 576 2454 Turbidus
623 2394 1027 2472 Hippomedon
1050 2438 1066 2468 ,
1116 2395 1501 2474 plorandaque
1545 2394 1694 2453 bella
1759 2459 1770 2470 .

442 2482 693 2558 protervi

285 2568 567 2635 ArcadOS,
590 2579 759 2641 atque
784 2566 892 2623 alio
911 2569 1209 2644 Capaneus
1226 2561 1464 2626 horrore
1484 2567 1792 2626 canendus.

365 2650 594 2727 Impia
577 2670 693 2725 jam
713 2652 909 2707 merita
938 2664 1219 2709 scrutatus
1243 2652 1459 2709 lumina
1485 2653 1687 2706 dextia
1755 2680 1780 2698 x

293 2738 567 2792 Merserat
595 2748 796 2794 aeterna
826 2736 1148 2791 damnatum
1183 2749 1344 2791 nocte
1371 2734 1648 2811 pudorem

294 2820 643 2897 OEdipodes3
655 2821 929 2898 longaque
946 2818 1182 2874 animam
1196 2819 1300 2874 sub
1315 2832 1496 2875 morte
1511 2820 1791 2879 trahebat.

233 2953 237 2958 .
295 2905 463 2961 Illum
487 2906 869 2982 indulgentem
894 2903 1172 2975 tenebris,
1201 2905 1432 2980 imaeque
1454 2925 1678 2962 recessu
1702 2921 1708 2926 '
1732 2931 1736 2935 >

293 2991 484 3061 Sedis,
515 2990 828 3067 inaspectos
853 2990 1018 3059 coelo,
1045 2988 1332 3065 radiisque
1362 3001 1592 3065 penates

296 3075 621 3137 Servantem
637 3115 654 3150 ,
680 3086 864 3136 tamen
891 3072 1125 3134 assiduis
1144 3073 1508 3136 circumvolat
1533 3073 1635 3132 alis
