<?xml version="1.0" encoding="UTF-8"?>
<!DOCTYPE html PUBLIC "-//W3C//DTD XHTML 1.0 Transitional//EN"
    "http://www.w3.org/TR/xhtml1/DTD/xhtml1-transitional.dtd">
<html xmlns="http://www.w3.org/1999/xhtml" xml:lang="en" lang="en">
 <head>
  <title>
</title>
<meta http-equiv="Content-Type" content="text/html;charset=utf-8" />
  <meta name='ocr-system' content='tesseract 3.04.00' />
  <meta name='ocr-capabilities' content='ocr_page ocr_carea ocr_par ocr_line ocrx_word'/>
</head>
<body>
  <div class='ocr_page' id='page_1' title='image "./operaadoptimeed00statgoog/operaadoptimeed00statgoog_0131.png"; bbox 0 0 2079 3613; ppageno 0'>
   <div class='ocr_carea' id='block_1_1' title="bbox 418 278 1782 349">
    <p class='ocr_par' dir='ltr' id='par_1_1' title="bbox 418 278 1782 349">
     <span class='ocr_line' id='line_1_1' title="bbox 418 278 1782 349; baseline 0 -7"><span class='ocrx_word' id='word_1_1' title='bbox 418 289 524 344; x_wconf 82' lang='lat'><strong>612</strong></span> <span class='ocrx_word' id='word_1_2' title='bbox 662 286 1098 349; x_wconf 72' lang='grc' dir='ltr'>τΗΕΒΑῙῡοε,</span> <span class='ocrx_word' id='word_1_3' title='bbox 1152 278 1295 337; x_wconf 73' lang='lat' dir='ltr'><strong>Lm.</strong></span> <span class='ocrx_word' id='word_1_4' title='bbox 1345 288 1453 339; x_wconf 70' lang='grc' dir='ltr'><strong>Π.</strong></span> <span class='ocrx_word' id='word_1_5' title='bbox 1661 279 1782 342; x_wconf 83' lang='lat'><strong>105</strong></span> 
     </span>
    </p>
   </div>
   <div class='ocr_carea' id='block_1_2' title="bbox 268 383 1787 3094">
    <p class='ocr_par' dir='ltr' id='par_1_2' title="bbox 268 383 1787 3094">
     <span class='ocr_line' id='line_1_2' title="bbox 288 383 1785 459; baseline 0.004 -23"><span class='ocrx_word' id='word_1_6' title='bbox 288 406 317 436; x_wconf 72' lang='grc' dir='ltr'><strong>α</strong></span> <span class='ocrx_word' id='word_1_7' title='bbox 338 385 582 456; x_wconf 46' lang='lat' dir='ltr'><strong>Exitium</strong></span> <span class='ocrx_word' id='word_1_8' title='bbox 601 426 617 454; x_wconf 98' lang='lat'><strong>,</strong></span> <span class='ocrx_word' id='word_1_9' title='bbox 644 398 698 440; x_wconf 90' lang='lat' dir='ltr'><strong>et</strong></span> <span class='ocrx_word' id='word_1_10' title='bbox 722 385 957 439; x_wconf 86' lang='lat' dir='ltr'><strong>multum</strong></span> <span class='ocrx_word' id='word_1_11' title='bbox 980 387 1202 458; x_wconf 72' lang='lat' dir='ltr'><strong>placata</strong></span> <span class='ocrx_word' id='word_1_12' title='bbox 1222 383 1532 441; x_wconf 85' lang='lat' dir='ltr'><strong>minoribus</strong></span> <span class='ocrx_word' id='word_1_13' title='bbox 1551 386 1785 459; x_wconf 66' lang='lat' dir='ltr'><strong>umbra,</strong></span> 
     </span>
     <span class='ocr_line' id='line_1_3' title="bbox 288 468 1764 547; baseline 0.004 -27"><span class='ocrx_word' id='word_1_14' title='bbox 288 491 318 520; x_wconf 80' lang='lat' dir='ltr'><strong>t&lt;</strong></span> <span class='ocrx_word' id='word_1_15' title='bbox 339 473 465 540; x_wconf 87' lang='lat' dir='ltr'><strong>Quo</strong></span> <span class='ocrx_word' id='word_1_16' title='bbox 488 469 801 525; x_wconf 72' lang='lat' dir='ltr'>miserande</span> <span class='ocrx_word' id='word_1_17' title='bbox 824 468 965 545; x_wconf 85' lang='lat' dir='ltr'><strong>sugis</strong></span> <span class='ocrx_word' id='word_1_18' title='bbox 981 468 1007 526; x_wconf 68' lang='grc' dir='ltr'><strong>’.Ρ</strong></span> <span class='ocrx_word' id='word_1_19' title='bbox 1025 471 1173 543; x_wconf 82' lang='lat' dir='ltr'><strong>jacet</strong></span> <span class='ocrx_word' id='word_1_20' title='bbox 1195 468 1288 524; x_wconf 86' lang='lat' dir='ltr'><strong>ille</strong></span> <span class='ocrx_word' id='word_1_21' title='bbox 1311 468 1364 522; x_wconf 89' lang='lat' dir='ltr'><strong>in</strong></span> <span class='ocrx_word' id='word_1_22' title='bbox 1387 472 1582 526; x_wconf 82' lang='lat' dir='ltr'><strong>sunere</strong></span> <span class='ocrx_word' id='word_1_23' title='bbox 1597 469 1764 547; x_wconf 83' lang='lat' dir='ltr'><strong>longo</strong></span> 
     </span>
     <span class='ocr_line' id='line_1_4' title="bbox 286 552 1779 629; baseline 0 -20"><span class='ocrx_word' id='word_1_24' title='bbox 286 576 316 605; x_wconf 87' lang='lat'><strong><em>«</em></strong></span> <span class='ocrx_word' id='word_1_25' title='bbox 337 559 516 624; x_wconf 86' lang='lat' dir='ltr'><strong>Quem</strong></span> <span class='ocrx_word' id='word_1_26' title='bbox 540 556 744 629; x_wconf 85' lang='lat' dir='ltr'><strong>premis</strong></span> <span class='ocrx_word' id='word_1_27' title='bbox 760 596 775 624; x_wconf 91' lang='lat'><strong>,</strong></span> <span class='ocrx_word' id='word_1_28' title='bbox 803 567 856 610; x_wconf 86' lang='lat' dir='ltr'><strong>et</strong></span> <span class='ocrx_word' id='word_1_29' title='bbox 881 556 1087 627; x_wconf 81' lang='lat' dir='ltr'><strong>junctae</strong></span> <span class='ocrx_word' id='word_1_30' title='bbox 1106 554 1272 609; x_wconf 77' lang='lat' dir='ltr'><strong>sentit</strong></span> <span class='ocrx_word' id='word_1_31' title='bbox 1294 552 1535 609; x_wconf 85' lang='lat' dir='ltr'><strong>confinia</strong></span> <span class='ocrx_word' id='word_1_32' title='bbox 1558 554 1779 626; x_wconf 76' lang='lat' dir='ltr'><strong>mortiS,</strong></span> 
     </span>
     <span class='ocr_line' id='line_1_5' title="bbox 287 638 1745 715; baseline 0.002 -24"><span class='ocrx_word' id='word_1_33' title='bbox 287 662 317 691; x_wconf 88' lang='lat'>«</span> <span class='ocrx_word' id='word_1_34' title='bbox 336 640 561 696; x_wconf 74' lang='lat' dir='ltr'><strong>Obsitus</strong></span> <span class='ocrx_word' id='word_1_35' title='bbox 589 640 889 696; x_wconf 82' lang='lat' dir='ltr'><strong>exhaustos</strong></span> <span class='ocrx_word' id='word_1_36' title='bbox 916 640 1125 715; x_wconf 89' lang='lat' dir='ltr'><strong>pedore</strong></span> <span class='ocrx_word' id='word_1_37' title='bbox 1156 653 1208 694; x_wconf 91' lang='lat' dir='ltr'><strong>et</strong></span> <span class='ocrx_word' id='word_1_38' title='bbox 1235 640 1501 715; x_wconf 79' lang='lat' dir='ltr'><strong>sanguine</strong></span> <span class='ocrx_word' id='word_1_39' title='bbox 1524 638 1709 696; x_wconf 88' lang='lat' dir='ltr'><strong>vultus</strong></span> <span class='ocrx_word' id='word_1_40' title='bbox 1728 681 1745 712; x_wconf 92' lang='lat'><strong>,</strong></span> 
     </span>
     <span class='ocr_line' id='line_1_6' title="bbox 285 724 1548 800; baseline 0.002 -22"><span class='ocrx_word' id='word_1_41' title='bbox 285 747 315 776; x_wconf 91' lang='lat'>«</span> <span class='ocrx_word' id='word_1_42' title='bbox 336 725 672 800; x_wconf 84' lang='lat' dir='ltr'><strong>Ejectusque</strong></span> <span class='ocrx_word' id='word_1_43' title='bbox 703 728 814 783; x_wconf 90' lang='lat' dir='ltr'><strong>die.</strong></span> <span class='ocrx_word' id='word_1_44' title='bbox 845 728 974 794; x_wconf 75' lang='lat' dir='ltr'><strong>Sors</strong></span> <span class='ocrx_word' id='word_1_45' title='bbox 998 725 1114 781; x_wconf 88' lang='lat' dir='ltr'><strong>leto</strong></span> <span class='ocrx_word' id='word_1_46' title='bbox 1143 724 1335 780; x_wconf 87' lang='lat' dir='ltr'><strong>durior</strong></span> <span class='ocrx_word' id='word_1_47' title='bbox 1360 726 1510 780; x_wconf 84' lang='lat' dir='ltr'><strong>omui</strong></span> <span class='ocrx_word' id='word_1_48' title='bbox 1531 766 1548 794; x_wconf 89' lang='lat'><strong>,</strong></span> 
     </span>
     <span class='ocr_line' id='line_1_7' title="bbox 284 810 1787 886; baseline 0.002 -24"><span class='ocrx_word' id='word_1_49' title='bbox 284 832 314 862; x_wconf 87' lang='lat'>«</span> <span class='ocrx_word' id='word_1_50' title='bbox 334 812 682 866; x_wconf 71' lang='lat' dir='ltr'><strong>Credemihi.</strong></span> <span class='ocrx_word' id='word_1_51' title='bbox 698 816 965 882; x_wconf 78' lang='lat' dir='ltr'><strong>Quaenam</strong></span> <span class='ocrx_word' id='word_1_52' title='bbox 982 810 1311 865; x_wconf 87' lang='lat' dir='ltr'><strong>immeritum</strong></span> <span class='ocrx_word' id='word_1_53' title='bbox 1330 810 1502 867; x_wconf 82' lang='lat' dir='ltr'><strong>vitare</strong></span> <span class='ocrx_word' id='word_1_54' title='bbox 1518 822 1787 886; x_wconf 85' lang='lat' dir='ltr'>nepotem</span> 
     </span>
     <span class='ocr_line' id='line_1_8' title="bbox 284 894 1670 960; baseline 0.004 -13"><span class='ocrx_word' id='word_1_55' title='bbox 284 918 314 947; x_wconf 74' lang='grc' dir='ltr'><strong>α</strong></span> <span class='ocrx_word' id='word_1_56' title='bbox 337 896 517 951; x_wconf 86' lang='lat' dir='ltr'>Causa</span> <span class='ocrx_word' id='word_1_57' title='bbox 537 894 678 951; x_wconf 80' lang='lat' dir='ltr'><strong>tibi?</strong></span> <span class='ocrx_word' id='word_1_58' title='bbox 700 897 891 952; x_wconf 82' lang='lat' dir='ltr'><strong>confer</strong></span> <span class='ocrx_word' id='word_1_59' title='bbox 911 895 1126 952; x_wconf 81' lang='lat' dir='ltr'><strong>vultum</strong></span> <span class='ocrx_word' id='word_1_60' title='bbox 1147 938 1161 960; x_wconf 80' lang='lat'>‚</span> <span class='ocrx_word' id='word_1_61' title='bbox 1193 907 1245 956; x_wconf 66' lang='lat' dir='ltr'><strong>et,</strong></span> <span class='ocrx_word' id='word_1_62' title='bbox 1272 897 1478 952; x_wconf 77' lang='lat' dir='ltr'><strong>satiare</strong></span> <span class='ocrx_word' id='word_1_63' title='bbox 1503 895 1670 952; x_wconf 84' lang='lat' dir='ltr'><strong>litato—</strong></span> 
     </span>
     <span class='ocr_line' id='line_1_9' title="bbox 284 977 1732 1056; baseline 0.001 -24"><span class='ocrx_word' id='word_1_64' title='bbox 284 1002 315 1032; x_wconf 73' lang='lat'><strong>«</strong></span> <span class='ocrx_word' id='word_1_65' title='bbox 334 980 642 1056; x_wconf 80' lang='lat' dir='ltr'>Sanguine,</span> <span class='ocrx_word' id='word_1_66' title='bbox 673 994 1053 1054; x_wconf 79' lang='lat' dir='ltr'><strong>venturasque</strong></span> <span class='ocrx_word' id='word_1_67' title='bbox 1081 978 1234 1033; x_wconf 85' lang='lat' dir='ltr'><strong>vices</strong></span> <span class='ocrx_word' id='word_1_68' title='bbox 1253 1022 1267 1043; x_wconf 92' lang='lat'>‚</span> <span class='ocrx_word' id='word_1_69' title='bbox 1300 993 1353 1033; x_wconf 88' lang='lat' dir='ltr'><strong>et</strong></span> <span class='ocrx_word' id='word_1_70' title='bbox 1375 981 1567 1035; x_wconf 82' lang='lat' dir='ltr'><strong>funera</strong></span> <span class='ocrx_word' id='word_1_71' title='bbox 1599 977 1732 1033; x_wconf 85' lang='lat' dir='ltr'><strong>belli</strong></span> 
     </span>
     <span class='ocr_line' id='line_1_10' title="bbox 283 1061 1784 1130; baseline 0.003 -15"><span class='ocrx_word' id='word_1_72' title='bbox 283 1086 313 1115; x_wconf 76' lang='grc' dir='ltr'><strong>α</strong></span> <span class='ocrx_word' id='word_1_73' title='bbox 332 1064 517 1118; x_wconf 87' lang='lat' dir='ltr'><strong>Pande</strong></span> <span class='ocrx_word' id='word_1_74' title='bbox 534 1106 549 1130; x_wconf 90' lang='lat'><strong>,</strong></span> <span class='ocrx_word' id='word_1_75' title='bbox 572 1064 665 1119; x_wconf 88' lang='lat' dir='ltr'><strong>vel</strong></span> <span class='ocrx_word' id='word_1_76' title='bbox 692 1064 934 1118; x_wconf 81' lang='lat' dir='ltr'><strong>infensus</strong></span> <span class='ocrx_word' id='word_1_77' title='bbox 951 1104 965 1127; x_wconf 92' lang='lat'>‚</span> <span class='ocrx_word' id='word_1_78' title='bbox 995 1061 1084 1114; x_wconf 87' lang='lat' dir='ltr'><strong>vel</strong></span> <span class='ocrx_word' id='word_1_79' title='bbox 1110 1082 1199 1116; x_wconf 84' lang='lat' dir='ltr'><strong>res</strong></span> <span class='ocrx_word' id='word_1_80' title='bbox 1224 1063 1476 1117; x_wconf 86' lang='lat' dir='ltr'><strong>miserate</strong></span> <span class='ocrx_word' id='word_1_81' title='bbox 1500 1077 1744 1120; x_wconf 79' lang='lat' dir='ltr'><strong>tuorum.</strong></span> <span class='ocrx_word' id='word_1_82' title='bbox 1779 1065 1784 1070; x_wconf 71' lang='grc'><strong><em>’</em></strong></span> 
     </span>
     <span class='ocr_line' id='line_1_11' title="bbox 282 1144 1786 1222; baseline 0.003 -21"><span class='ocrx_word' id='word_1_83' title='bbox 282 1171 313 1200; x_wconf 72' lang='grc' dir='ltr'><strong>α</strong></span> <span class='ocrx_word' id='word_1_84' title='bbox 335 1149 496 1201; x_wconf 89' lang='lat' dir='ltr'><strong>Tunc</strong></span> <span class='ocrx_word' id='word_1_85' title='bbox 516 1166 617 1220; x_wconf 84' lang='lat' dir='ltr'><strong>ego</strong></span> <span class='ocrx_word' id='word_1_86' title='bbox 639 1160 690 1201; x_wconf 89' lang='lat' dir='ltr'><strong>te</strong></span> <span class='ocrx_word' id='word_1_87' title='bbox 711 1159 901 1222; x_wconf 80' lang='lat' dir='ltr'><strong>optata</strong></span> <span class='ocrx_word' id='word_1_88' title='bbox 922 1144 1154 1201; x_wconf 81' lang='lat' dir='ltr'><strong>vetitam</strong></span> <span class='ocrx_word' id='word_1_89' title='bbox 1175 1149 1545 1203; x_wconf 77' lang='lat' dir='ltr'><strong>transmittere</strong></span> <span class='ocrx_word' id='word_1_90' title='bbox 1565 1149 1786 1209; x_wconf 83' lang='lat' dir='ltr'><strong>Lethen</strong></span> 
     </span>
     <span class='ocr_line' id='line_1_12' title="bbox 268 1224 1778 1310; baseline 0.003 -25"><span class='ocrx_word' id='word_1_91' title='bbox 268 1255 311 1310; x_wconf 17' lang='grc' dir='ltr'><strong>ἀ</strong></span> <span class='ocrx_word' id='word_1_92' title='bbox 333 1235 526 1308; x_wconf 87' lang='lat' dir='ltr'><strong>Puppe</strong></span> <span class='ocrx_word' id='word_1_93' title='bbox 545 1232 711 1302; x_wconf 84' lang='lat' dir='ltr'><strong>dabo,</strong></span> <span class='ocrx_word' id='word_1_94' title='bbox 735 1230 1131 1308; x_wconf 81' lang='lat' dir='ltr'><strong>placidumque</strong></span> <span class='ocrx_word' id='word_1_95' title='bbox 1153 1231 1244 1306; x_wconf 84' lang='lat' dir='ltr'><strong>pia</strong></span> <span class='ocrx_word' id='word_1_96' title='bbox 1268 1224 1778 1309; x_wconf 79' lang='lat' dir='ltr'><strong>tellure⁴reponam,</strong></span> 
     </span>
     <span class='ocr_line' id='line_1_13' title="bbox 283 1316 1724 1396; baseline 0 -23"><span class='ocrx_word' id='word_1_97' title='bbox 283 1342 313 1370; x_wconf 79' lang='grc' dir='ltr'><strong>α</strong></span> <span class='ocrx_word' id='word_1_98' title='bbox 332 1322 401 1373; x_wconf 83' lang='lat' dir='ltr'><strong>Et</strong></span> <span class='ocrx_word' id='word_1_99' title='bbox 428 1318 631 1396; x_wconf 78' lang='lat' dir='ltr'><strong>Stygiis</strong></span> <span class='ocrx_word' id='word_1_100' title='bbox 656 1317 932 1374; x_wconf 84' lang='lat' dir='ltr'>mandabo</span> <span class='ocrx_word' id='word_1_101' title='bbox 962 1316 1106 1372; x_wconf 83' lang='lat' dir='ltr'><strong>Deis.</strong></span> <span class='ocrx_word' id='word_1_102' title='bbox 1128 1342 1155 1366; x_wconf 78' lang='lat' dir='ltr'><strong>n</strong></span> <span class='ocrx_word' id='word_1_103' title='bbox 1185 1317 1464 1373; x_wconf 85' lang='lat' dir='ltr'><strong>Mulcetur</strong></span> <span class='ocrx_word' id='word_1_104' title='bbox 1489 1317 1724 1374; x_wconf 86' lang='lat' dir='ltr'><strong>honoris</strong></span> 
     </span>
     <span class='ocr_line' id='line_1_14' title="bbox 275 1400 1778 1480; baseline -0.001 -20"><span class='ocrx_word' id='word_1_105' title='bbox 275 1403 638 1475; x_wconf 85' lang='lat' dir='ltr'><strong>Muneribus,</strong></span> <span class='ocrx_word' id='word_1_106' title='bbox 661 1405 937 1480; x_wconf 85' lang='lat' dir='ltr'><strong>tingitque</strong></span> <span class='ocrx_word' id='word_1_107' title='bbox 954 1423 1121 1478; x_wconf 82' lang='lat' dir='ltr'><strong>genas</strong></span> <span class='ocrx_word' id='word_1_108' title='bbox 1137 1448 1154 1470; x_wconf 91' lang='lat'><strong>,</strong></span> <span class='ocrx_word' id='word_1_109' title='bbox 1179 1400 1384 1459; x_wconf 86' lang='lat' dir='ltr'><strong>dehinc</strong></span> <span class='ocrx_word' id='word_1_110' title='bbox 1407 1403 1538 1459; x_wconf 77' lang='lat' dir='ltr'><strong>talia</strong></span> <span class='ocrx_word' id='word_1_111' title='bbox 1561 1405 1778 1461; x_wconf 76' lang='lat' dir='ltr'><strong>reddit:</strong></span> 
     </span>
     <span class='ocr_line' id='line_1_15' title="bbox 355 1486 1756 1564; baseline 0.002 -22"><span class='ocrx_word' id='word_1_112' title='bbox 355 1513 384 1543; x_wconf 90' lang='lat'>«</span> <span class='ocrx_word' id='word_1_113' title='bbox 406 1492 523 1546; x_wconf 90' lang='lat' dir='ltr'><strong>Cur</strong></span> <span class='ocrx_word' id='word_1_114' title='bbox 547 1489 649 1545; x_wconf 87' lang='lat' dir='ltr'><strong>tibi</strong></span> <span class='ocrx_word' id='word_1_115' title='bbox 674 1486 918 1546; x_wconf 81' lang='lat' dir='ltr'><strong>versanti</strong></span> <span class='ocrx_word' id='word_1_116' title='bbox 940 1508 1130 1542; x_wconf 86' lang='lat' dir='ltr'><strong>manes</strong></span> <span class='ocrx_word' id='word_1_117' title='bbox 1147 1529 1163 1557; x_wconf 98' lang='lat'><strong>,</strong></span> <span class='ocrx_word' id='word_1_118' title='bbox 1194 1508 1433 1564; x_wconf 81' lang='lat' dir='ltr'><strong>oequaeve</strong></span> <span class='ocrx_word' id='word_1_119' title='bbox 1455 1490 1720 1546; x_wconf 81' lang='lat' dir='ltr'><strong>sacerdos</strong></span> <span class='ocrx_word' id='word_1_120' title='bbox 1738 1532 1756 1561; x_wconf 85' lang='lat'><strong>,</strong></span> 
     </span>
     <span class='ocr_line' id='line_1_16' title="bbox 279 1575 1782 1649; baseline 0.002 -21"><span class='ocrx_word' id='word_1_121' title='bbox 279 1600 311 1628; x_wconf 84' lang='lat'>«</span> <span class='ocrx_word' id='word_1_122' title='bbox 330 1578 536 1632; x_wconf 85' lang='lat' dir='ltr'><strong>Lectus</strong></span> <span class='ocrx_word' id='word_1_123' title='bbox 547 1596 650 1649; x_wconf 78' lang='lat' dir='ltr'><strong>ego</strong></span> <span class='ocrx_word' id='word_1_124' title='bbox 665 1575 926 1649; x_wconf 78' lang='lat' dir='ltr'><strong>augurio?</strong></span> <span class='ocrx_word' id='word_1_125' title='bbox 941 1575 1223 1647; x_wconf 81' lang='lat' dir='ltr'><strong>tantisque</strong></span> <span class='ocrx_word' id='word_1_126' title='bbox 1240 1575 1560 1648; x_wconf 66' lang='lat' dir='ltr'><strong>potissimus</strong></span> <span class='ocrx_word' id='word_1_127' title='bbox 1576 1575 1782 1634; x_wconf 77' lang='lat' dir='ltr'><strong>umbris</strong></span> 
     </span>
     <span class='ocr_line' id='line_1_17' title="bbox 282 1656 1573 1737; baseline 0.001 -22"><span class='ocrx_word' id='word_1_128' title='bbox 282 1684 311 1715; x_wconf 80' lang='grc' dir='ltr'><strong><em>κ</em></strong></span> <span class='ocrx_word' id='word_1_129' title='bbox 329 1662 440 1734; x_wconf 86' lang='lat' dir='ltr'><strong>Qui</strong></span> <span class='ocrx_word' id='word_1_130' title='bbox 466 1675 700 1718; x_wconf 83' lang='lat' dir='ltr'><strong>ventura</strong></span> <span class='ocrx_word' id='word_1_131' title='bbox 730 1656 973 1737; x_wconf 73' lang='lat' dir='ltr'><strong>loquar?</strong></span> <span class='ocrx_word' id='word_1_132' title='bbox 996 1659 1130 1716; x_wconf 87' lang='lat' dir='ltr'><strong>satis</strong></span> <span class='ocrx_word' id='word_1_133' title='bbox 1152 1673 1235 1715; x_wconf 87' lang='lat' dir='ltr'><strong>est</strong></span> <span class='ocrx_word' id='word_1_134' title='bbox 1255 1659 1573 1716; x_wconf 86' lang='lat' dir='ltr'><strong>meminisse</strong></span> 
     </span>
     <span class='ocr_line' id='line_1_18' title="bbox 420 1740 692 1819; baseline 0.015 -19"><span class='ocrx_word' id='word_1_135' title='bbox 420 1740 692 1819; x_wconf 75' lang='lat' dir='ltr'><strong>priorum.</strong></span> 
     </span>
     <span class='ocr_line' id='line_1_19' title="bbox 282 1831 1782 1909; baseline 0.005 -26"><span class='ocrx_word' id='word_1_136' title='bbox 282 1853 311 1883; x_wconf 75' lang='grc' dir='ltr'><strong><em>κ</em></strong></span> <span class='ocrx_word' id='word_1_137' title='bbox 332 1831 611 1885; x_wconf 81' lang='lat' dir='ltr'><strong>Nostrane</strong></span> <span class='ocrx_word' id='word_1_138' title='bbox 635 1832 885 1903; x_wconf 70' lang='lat' dir='ltr'><strong>praeclari</strong></span> <span class='ocrx_word' id='word_1_139' title='bbox 917 1833 1164 1909; x_wconf 85' lang='lat' dir='ltr'><strong>(pudeat</strong></span> <span class='ocrx_word' id='word_1_140' title='bbox 1182 1837 1193 1886; x_wconf 86' lang='lat'>!</span> <span class='ocrx_word' id='word_1_141' title='bbox 1213 1833 1231 1905; x_wconf 91' lang='lat'>)</span> <span class='ocrx_word' id='word_1_142' title='bbox 1264 1834 1513 1890; x_wconf 81' lang='lat' dir='ltr'><strong>consulta</strong></span> <span class='ocrx_word' id='word_1_143' title='bbox 1536 1847 1782 1908; x_wconf 74' lang='lat' dir='ltr'><strong>nepotes</strong></span> 
     </span>
     <span class='ocr_line' id='line_1_20' title="bbox 280 1912 1777 1985; baseline 0 -17"><span class='ocrx_word' id='word_1_144' title='bbox 280 1937 311 1968; x_wconf 86' lang='lat'>«</span> <span class='ocrx_word' id='word_1_145' title='bbox 331 1912 602 1969; x_wconf 82' lang='lat' dir='ltr'><strong>Poscitis‘?</strong></span> <span class='ocrx_word' id='word_1_146' title='bbox 626 1913 777 1968; x_wconf 80' lang='lat' dir='ltr'><strong>illum</strong></span> <span class='ocrx_word' id='word_1_147' title='bbox 795 1955 811 1982; x_wconf 89' lang='lat'><strong>,</strong></span> <span class='ocrx_word' id='word_1_148' title='bbox 846 1913 1000 1967; x_wconf 77' lang='lat' dir='ltr'><strong>iilum</strong></span> <span class='ocrx_word' id='word_1_149' title='bbox 1031 1917 1200 1970; x_wconf 84' lang='lat' dir='ltr'><strong>sacris</strong></span> <span class='ocrx_word' id='word_1_150' title='bbox 1228 1915 1488 1969; x_wconf 78' lang='lat' dir='ltr'><strong>adhibete</strong></span> <span class='ocrx_word' id='word_1_151' title='bbox 1513 1916 1777 1985; x_wconf 81' lang='lat' dir='ltr'><strong>nefastis,</strong></span> 
     </span>
     <span class='ocr_line' id='line_1_21' title="bbox 278 1999 1781 2076; baseline 0 -21"><span class='ocrx_word' id='word_1_152' title='bbox 278 2000 436 2072; x_wconf 83' lang='lat' dir='ltr'><strong>«Qui</strong></span> <span class='ocrx_word' id='word_1_153' title='bbox 453 2000 571 2056; x_wconf 88' lang='lat' dir='ltr'><strong>leto</strong></span> <span class='ocrx_word' id='word_1_154' title='bbox 598 1999 756 2058; x_wconf 85' lang='lat' dir='ltr'><strong>dedit</strong></span> <span class='ocrx_word' id='word_1_155' title='bbox 783 2019 912 2056; x_wconf 90' lang='lat' dir='ltr'><strong>ense</strong></span> <span class='ocrx_word' id='word_1_156' title='bbox 938 2010 1189 2076; x_wconf 81' lang='lat' dir='ltr'><strong>patrem3</strong></span> <span class='ocrx_word' id='word_1_157' title='bbox 1224 1999 1319 2075; x_wconf 90' lang='lat' dir='ltr'><strong>qui</strong></span> <span class='ocrx_word' id='word_1_158' title='bbox 1345 2012 1515 2054; x_wconf 85' lang='lat' dir='ltr'><strong>semet</strong></span> <span class='ocrx_word' id='word_1_159' title='bbox 1544 2000 1598 2054; x_wconf 86' lang='lat' dir='ltr'><strong>in</strong></span> <span class='ocrx_word' id='word_1_160' title='bbox 1624 2013 1781 2056; x_wconf 79' lang='lat' dir='ltr'><strong>ortus</strong></span> 
     </span>
     <span class='ocr_line' id='line_1_22' title="bbox 277 2085 1720 2163; baseline -0.002 -19"><span class='ocrx_word' id='word_1_161' title='bbox 277 2111 308 2147; x_wconf 72' lang='lat' dir='ltr'><strong>c&lt;</strong></span> <span class='ocrx_word' id='word_1_162' title='bbox 329 2087 541 2156; x_wconf 83' lang='lat' dir='ltr'><strong>Vertit,</strong></span> <span class='ocrx_word' id='word_1_163' title='bbox 573 2100 628 2142; x_wconf 86' lang='lat' dir='ltr'><strong>et</strong></span> <span class='ocrx_word' id='word_1_164' title='bbox 655 2085 895 2163; x_wconf 87' lang='lat' dir='ltr'><strong>indignae</strong></span> <span class='ocrx_word' id='word_1_165' title='bbox 915 2085 1120 2160; x_wconf 82' lang='lat' dir='ltr'><strong>regerit</strong></span> <span class='ocrx_word' id='word_1_166' title='bbox 1148 2104 1247 2141; x_wconf 84' lang='lat' dir='ltr'><strong>sua</strong></span> <span class='ocrx_word' id='word_1_167' title='bbox 1276 2085 1510 2162; x_wconf 85' lang='lat' dir='ltr'><strong>pignora</strong></span> <span class='ocrx_word' id='word_1_168' title='bbox 1533 2085 1720 2141; x_wconf 83' lang='lat' dir='ltr'><strong>matri.</strong></span> 
     </span>
     <span class='ocr_line' id='line_1_23' title="bbox 278 2170 1692 2245; baseline 0.001 -21"><span class='ocrx_word' id='word_1_169' title='bbox 278 2194 307 2224; x_wconf 78' lang='grc' dir='ltr'><strong><em>κ</em></strong></span> <span class='ocrx_word' id='word_1_170' title='bbox 334 2174 401 2225; x_wconf 72' lang='lat' dir='ltr'><strong>Et</strong></span> <span class='ocrx_word' id='word_1_171' title='bbox 425 2191 573 2226; x_wconf 90' lang='lat' dir='ltr'><strong>nunc</strong></span> <span class='ocrx_word' id='word_1_172' title='bbox 598 2170 691 2227; x_wconf 83' lang='lat' dir='ltr'><strong>ille</strong></span> <span class='ocrx_word' id='word_1_173' title='bbox 721 2174 871 2227; x_wconf 80' lang='lat' dir='ltr'><strong>Deos</strong></span> <span class='ocrx_word' id='word_1_174' title='bbox 894 2214 910 2237; x_wconf 87' lang='lat'><strong>,</strong></span> <span class='ocrx_word' id='word_1_175' title='bbox 938 2171 1318 2245; x_wconf 83' lang='lat' dir='ltr'><strong>furiarumque</strong></span> <span class='ocrx_word' id='word_1_176' title='bbox 1343 2183 1462 2226; x_wconf 81' lang='lat' dir='ltr'><strong>atra</strong></span> <span class='ocrx_word' id='word_1_177' title='bbox 1495 2171 1692 2243; x_wconf 78' lang='lat' dir='ltr'><strong>fatigat</strong></span> 
     </span>
     <span class='ocr_line' id='line_1_24' title="bbox 278 2253 1778 2331; baseline 0.005 -27"><span class='ocrx_word' id='word_1_178' title='bbox 278 2277 308 2305; x_wconf 75' lang='grc' dir='ltr'><strong>ιι</strong></span> <span class='ocrx_word' id='word_1_179' title='bbox 328 2253 574 2310; x_wconf 84' lang='lat' dir='ltr'><strong>Concilia</strong></span> <span class='ocrx_word' id='word_1_180' title='bbox 591 2296 607 2324; x_wconf 95' lang='lat'><strong>,</strong></span> <span class='ocrx_word' id='word_1_181' title='bbox 629 2268 682 2309; x_wconf 89' lang='lat' dir='ltr'><strong>et</strong></span> <span class='ocrx_word' id='word_1_182' title='bbox 706 2269 926 2311; x_wconf 77' lang='lat' dir='ltr'><strong>nostros</strong></span> <span class='ocrx_word' id='word_1_183' title='bbox 946 2270 1106 2331; x_wconf 83' lang='lat' dir='ltr'><strong>rogat</strong></span> <span class='ocrx_word' id='word_1_184' title='bbox 1122 2254 1242 2317; x_wconf 80' lang='lat' dir='ltr'><strong>haec</strong></span> <span class='ocrx_word' id='word_1_185' title='bbox 1274 2256 1332 2310; x_wconf 89' lang='lat' dir='ltr'><strong>in</strong></span> <span class='ocrx_word' id='word_1_186' title='bbox 1354 2253 1542 2329; x_wconf 81' lang='lat' dir='ltr'><strong>praelia</strong></span> <span class='ocrx_word' id='word_1_187' title='bbox 1564 2273 1778 2312; x_wconf 84' lang='lat' dir='ltr'><strong>manes.</strong></span> 
     </span>
     <span class='ocr_line' id='line_1_25' title="bbox 277 2339 1781 2415; baseline 0.001 -24"><span class='ocrx_word' id='word_1_188' title='bbox 277 2362 306 2391; x_wconf 77' lang='grc' dir='ltr'><strong>α</strong></span> <span class='ocrx_word' id='word_1_189' title='bbox 327 2339 493 2409; x_wconf 89' lang='lat' dir='ltr'><strong>Quod</strong></span> <span class='ocrx_word' id='word_1_190' title='bbox 520 2339 564 2393; x_wconf 91' lang='lat' dir='ltr'><strong>si</strong></span> <span class='ocrx_word' id='word_1_191' title='bbox 593 2339 734 2395; x_wconf 82' lang='lat' dir='ltr'><strong>adeo</strong></span> <span class='ocrx_word' id='word_1_192' title='bbox 752 2339 937 2414; x_wconf 81' lang='lat' dir='ltr'><strong>placui</strong></span> <span class='ocrx_word' id='word_1_193' title='bbox 954 2341 1209 2396; x_wconf 85' lang='lat' dir='ltr'><strong>deflenda</strong></span> <span class='ocrx_word' id='word_1_194' title='bbox 1231 2339 1288 2394; x_wconf 90' lang='lat' dir='ltr'><strong>in</strong></span> <span class='ocrx_word' id='word_1_195' title='bbox 1313 2353 1568 2415; x_wconf 86' lang='lat' dir='ltr'><strong>tempora</strong></span> <span class='ocrx_word' id='word_1_196' title='bbox 1587 2352 1744 2394; x_wconf 84' lang='lat' dir='ltr'><strong>vates</strong></span> <span class='ocrx_word' id='word_1_197' title='bbox 1763 2379 1781 2408; x_wconf 90' lang='lat'><strong>,</strong></span> 
     </span>
     <span class='ocr_line' id='line_1_26' title="bbox 276 2421 1779 2500; baseline 0.001 -25"><span class='ocrx_word' id='word_1_198' title='bbox 276 2445 305 2475; x_wconf 77' lang='grc' dir='ltr'>κ</span> <span class='ocrx_word' id='word_1_199' title='bbox 331 2423 523 2477; x_wconf 82' lang='lat' dir='ltr'><strong>Dicam</strong></span> <span class='ocrx_word' id='word_1_200' title='bbox 552 2421 847 2496; x_wconf 80' lang='lat' dir='ltr'><strong>equidem,</strong></span> <span class='ocrx_word' id='word_1_201' title='bbox 887 2443 1001 2500; x_wconf 88' lang='lat' dir='ltr'><strong>quo</strong></span> <span class='ocrx_word' id='word_1_202' title='bbox 1028 2443 1116 2478; x_wconf 84' lang='lat' dir='ltr'><strong>me</strong></span> <span class='ocrx_word' id='word_1_203' title='bbox 1149 2422 1450 2493; x_wconf 84' lang='lat' dir='ltr'><strong>Lachesis,</strong></span> <span class='ocrx_word' id='word_1_204' title='bbox 1480 2443 1593 2499; x_wconf 89' lang='lat' dir='ltr'><strong>quo</strong></span> <span class='ocrx_word' id='word_1_205' title='bbox 1620 2436 1779 2479; x_wconf 83' lang='lat' dir='ltr'><strong>torva</strong></span> 
     </span>
     <span class='ocr_line' id='line_1_27' title="bbox 419 2507 658 2576; baseline 0.004 -19"><span class='ocrx_word' id='word_1_206' title='bbox 419 2507 658 2576; x_wconf 80' lang='lat' dir='ltr'><strong>Megaera</strong></span> 
     </span>
     <span class='ocr_line' id='line_1_28' title="bbox 278 2587 1781 2664; baseline 0 -21"><span class='ocrx_word' id='word_1_207' title='bbox 278 2613 307 2643; x_wconf 76' lang='grc' dir='ltr'><strong>ε(</strong></span> <span class='ocrx_word' id='word_1_208' title='bbox 327 2590 519 2664; x_wconf 86' lang='lat' dir='ltr'><strong>Usque</strong></span> <span class='ocrx_word' id='word_1_209' title='bbox 536 2588 745 2643; x_wconf 85' lang='lat' dir='ltr'><strong>sinunt.</strong></span> <span class='ocrx_word' id='word_1_210' title='bbox 763 2589 976 2644; x_wconf 84' lang='lat' dir='ltr'><strong>Bellum</strong></span> <span class='ocrx_word' id='word_1_211' title='bbox 997 2628 1013 2656; x_wconf 92' lang='lat'><strong>,</strong></span> <span class='ocrx_word' id='word_1_212' title='bbox 1039 2592 1335 2646; x_wconf 84' lang='lat' dir='ltr'><strong>innumero</strong></span> <span class='ocrx_word' id='word_1_213' title='bbox 1357 2591 1513 2646; x_wconf 84' lang='lat' dir='ltr'><strong>venit</strong></span> <span class='ocrx_word' id='word_1_214' title='bbox 1531 2587 1781 2663; x_wconf 83' lang='lat' dir='ltr'><strong>undique</strong></span> 
     </span>
     <span class='ocr_line' id='line_1_29' title="bbox 424 2673 1291 2748; baseline -0.008 -18"><span class='ocrx_word' id='word_1_215' title='bbox 424 2673 635 2730; x_wconf 85' lang='lat' dir='ltr'><strong>bellum</strong></span> <span class='ocrx_word' id='word_1_216' title='bbox 1288 2745 1291 2748; x_wconf 10' lang='grc' dir='ltr'><strong><em>ἢ</em></strong></span> 
     </span>
     <span class='ocr_line' id='line_1_30' title="bbox 283 2755 1674 2834; baseline -0.003 -19"><span class='ocrx_word' id='word_1_217' title='bbox 283 2785 313 2815; x_wconf 77' lang='grc' dir='ltr'><strong><em>κ</em></strong></span> <span class='ocrx_word' id='word_1_218' title='bbox 334 2761 564 2833; x_wconf 79' lang='lat' dir='ltr'><strong>Agmine</strong></span> <span class='ocrx_word' id='word_1_219' title='bbox 581 2802 597 2825; x_wconf 88' lang='lat'>‚</span> <span class='ocrx_word' id='word_1_220' title='bbox 622 2762 989 2834; x_wconf 75' lang='lat' dir='ltr'><strong>Lernaeosque</strong></span> <span class='ocrx_word' id='word_1_221' title='bbox 1012 2757 1187 2814; x_wconf 84' lang='lat' dir='ltr'><strong>trahit</strong></span> <span class='ocrx_word' id='word_1_222' title='bbox 1212 2757 1396 2813; x_wconf 84' lang='lat' dir='ltr'><strong>fatalis</strong></span> <span class='ocrx_word' id='word_1_223' title='bbox 1423 2755 1674 2811; x_wconf 80' lang='lat' dir='ltr'><strong>alumnos</strong></span> 
     </span>
     <span class='ocr_line' id='line_1_31' title="bbox 283 2845 1780 2918; baseline -0.001 -17"><span class='ocrx_word' id='word_1_224' title='bbox 283 2869 311 2901; x_wconf 75' lang='lat' dir='ltr'><strong>t&lt;</strong></span> <span class='ocrx_word' id='word_1_225' title='bbox 331 2845 614 2901; x_wconf 84' lang='lat' dir='ltr'><strong>Gradivus</strong></span> <span class='ocrx_word' id='word_1_226' title='bbox 629 2845 886 2902; x_wconf 77' lang='lat' dir='ltr'><strong>stimulis,</strong></span> <span class='ocrx_word' id='word_1_227' title='bbox 908 2849 1025 2901; x_wconf 89' lang='lat' dir='ltr'><strong>Hos</strong></span> <span class='ocrx_word' id='word_1_228' title='bbox 1037 2858 1198 2901; x_wconf 84' lang='lat' dir='ltr'><strong>terrae</strong></span> <span class='ocrx_word' id='word_1_229' title='bbox 1211 2854 1477 2910; x_wconf 80' lang='lat' dir='ltr'><strong>monstra,</strong></span> <span class='ocrx_word' id='word_1_230' title='bbox 1495 2847 1780 2918; x_wconf 79' lang='lat' dir='ltr'><strong>Deumque</strong></span> 
     </span>
     <span class='ocr_line' id='line_1_32' title="bbox 284 2927 1688 3009; baseline 0.001 -26"><span class='ocrx_word' id='word_1_231' title='bbox 284 2951 315 2983; x_wconf 76' lang='grc' dir='ltr'><strong>ι(</strong></span> <span class='ocrx_word' id='word_1_232' title='bbox 333 2929 469 2985; x_wconf 83' lang='lat' dir='ltr'><strong>Tela</strong></span> <span class='ocrx_word' id='word_1_233' title='bbox 492 2943 748 3002; x_wconf 83' lang='lat' dir='ltr'><strong>manent,</strong></span> <span class='ocrx_word' id='word_1_234' title='bbox 774 2931 1112 3009; x_wconf 87' lang='lat' dir='ltr'><strong>pulchrique</strong></span> <span class='ocrx_word' id='word_1_235' title='bbox 1141 2928 1355 3000; x_wconf 80' lang='lat' dir='ltr'><strong>obitus,</strong></span> <span class='ocrx_word' id='word_1_236' title='bbox 1383 2940 1440 2983; x_wconf 89' lang='lat' dir='ltr'><strong>et</strong></span> <span class='ocrx_word' id='word_1_237' title='bbox 1465 2927 1536 2983; x_wconf 84' lang='lat' dir='ltr'><strong>ab</strong></span> <span class='ocrx_word' id='word_1_238' title='bbox 1559 2927 1688 3005; x_wconf 85' lang='lat' dir='ltr'><strong>igne</strong></span> 
     </span>
     <span class='ocr_line' id='line_1_33' title="bbox 418 3032 686 3094; baseline 0.007 -24"><span class='ocrx_word' id='word_1_239' title='bbox 418 3032 686 3094; x_wconf 85' lang='lat' dir='ltr'><strong>supremo</strong></span> 
     </span>
    </p>
   </div>
   <div class='ocr_carea' id='block_1_3' title="bbox 1405 3103 1516 3175">
    <p class='ocr_par' dir='ltr' id='par_1_3' title="bbox 1405 3103 1516 3175">
     <span class='ocr_line' id='line_1_34' title="bbox 1405 3103 1516 3175; baseline 0 0"><span class='ocrx_word' id='word_1_240' title='bbox 1405 3103 1516 3175; x_wconf 67' lang='lat'><strong>⁴5</strong></span> 
     </span>
    </p>
   </div>
  </div>
 </body>
</html>
