<?xml version="1.0" encoding="UTF-8"?>
<!DOCTYPE html PUBLIC "-//W3C//DTD XHTML 1.0 Transitional//EN"
    "http://www.w3.org/TR/xhtml1/DTD/xhtml1-transitional.dtd">
<html xmlns="http://www.w3.org/1999/xhtml" xml:lang="en" lang="en">
 <head>
  <title>
</title>
<meta http-equiv="Content-Type" content="text/html;charset=utf-8" />
  <meta name='ocr-system' content='tesseract 3.04.00' />
  <meta name='ocr-capabilities' content='ocr_page ocr_carea ocr_par ocr_line ocrx_word'/>
</head>
<body>
  <div class='ocr_page' id='page_1' title='image "./operaadoptimeed00statgoog/operaadoptimeed00statgoog_0478.png"; bbox 0 0 2079 3613; ppageno 0'>
   <div class='ocr_carea' id='block_1_1' title="bbox 214 252 1433 353">
    <p class='ocr_par' dir='ltr' id='par_1_1' title="bbox 214 252 1433 353">
     <span class='ocr_line' id='line_1_1' title="bbox 214 252 1433 353; baseline 0.004 -28"><span class='ocrx_word' id='word_1_1' title='bbox 214 252 355 353; x_wconf 70' lang='grc' dir='ltr'><strong>4ζό</strong></span> <span class='ocrx_word' id='word_1_2' title='bbox 493 273 925 336; x_wconf 66' lang='lat' dir='ltr'><strong>sunnon,</strong></span> <span class='ocrx_word' id='word_1_3' title='bbox 980 275 1120 324; x_wconf 65' lang='lat' dir='ltr'><strong>mn.</strong></span> <span class='ocrx_word' id='word_1_4' title='bbox 1177 277 1227 327; x_wconf 90' lang='lat'><strong>1.</strong></span> <span class='ocrx_word' id='word_1_5' title='bbox 1334 274 1433 332; x_wconf 72' lang='lat'><strong>136</strong></span> 
     </span>
    </p>
   </div>
   <div class='ocr_carea' id='block_1_2' title="bbox 171 357 1704 3072">
    <p class='ocr_par' dir='ltr' id='par_1_2' title="bbox 171 357 1704 3072">
     <span class='ocr_line' id='line_1_2' title="bbox 232 357 1685 448; baseline 0.001 -23"><span class='ocrx_word' id='word_1_6' title='bbox 232 392 258 420; x_wconf 89' lang='lat'>«</span> <span class='ocrx_word' id='word_1_7' title='bbox 280 357 513 435; x_wconf 83' lang='lat' dir='ltr'><strong>Rect0r‚</strong></span> <span class='ocrx_word' id='word_1_8' title='bbox 540 372 597 425; x_wconf 90' lang='lat' dir='ltr'><strong>in</strong></span> <span class='ocrx_word' id='word_1_9' title='bbox 615 371 762 427; x_wconf 80' lang='lat' dir='ltr'><strong>hanc</strong></span> <span class='ocrx_word' id='word_1_10' title='bbox 783 368 890 427; x_wconf 85' lang='lat' dir='ltr'><strong>alio</strong></span> <span class='ocrx_word' id='word_1_11' title='bbox 918 370 1209 428; x_wconf 74' lang='lat' dir='ltr'><strong>cecidisset</strong></span> <span class='ocrx_word' id='word_1_12' title='bbox 1236 372 1411 448; x_wconf 86' lang='lat' dir='ltr'><strong>Juppi</strong></span> <span class='ocrx_word' id='word_1_13' title='bbox 1421 365 1511 428; x_wconf 82' lang='lat' dir='ltr'><strong>ter</strong></span> <span class='ocrx_word' id='word_1_14' title='bbox 1533 360 1685 428; x_wconf 52' lang='lat' dir='ltr'><strong>auro}</strong></span> 
     </span>
     <span class='ocr_line' id='line_1_3' title="bbox 230 454 1502 530; baseline 0.006 -25"><span class='ocrx_word' id='word_1_15' title='bbox 230 478 263 505; x_wconf 76' lang='grc' dir='ltr'><strong>α</strong></span> <span class='ocrx_word' id='word_1_16' title='bbox 282 455 394 510; x_wconf 85' lang='lat' dir='ltr'><strong>Sed</strong></span> <span class='ocrx_word' id='word_1_17' title='bbox 412 454 641 511; x_wconf 85' lang='lat' dir='ltr'><strong>dabitur</strong></span> <span class='ocrx_word' id='word_1_18' title='bbox 657 455 882 530; x_wconf 81' lang='lat' dir='ltr'><strong>juveni,</strong></span> <span class='ocrx_word' id='word_1_19' title='bbox 913 458 1000 512; x_wconf 90' lang='lat' dir='ltr'><strong>cui</strong></span> <span class='ocrx_word' id='word_1_20' title='bbox 1024 469 1119 525; x_wconf 80' lang='lat' dir='ltr'><strong>tu,</strong></span> <span class='ocrx_word' id='word_1_21' title='bbox 1143 476 1267 513; x_wconf 86' lang='lat' dir='ltr'><strong>mea</strong></span> <span class='ocrx_word' id='word_1_22' title='bbox 1290 477 1502 512; x_wconf 87' lang='lat' dir='ltr'><strong>summa</strong></span> 
     </span>
     <span class='ocr_line' id='line_1_4' title="bbox 439 552 1598 617; baseline 0.003 -22"><span class='ocrx_word' id='word_1_23' title='bbox 439 552 688 616; x_wconf 87' lang='lat' dir='ltr'><strong>potestas</strong></span> <span class='ocrx_word' id='word_1_24' title='bbox 709 581 726 609; x_wconf 84' lang='lat'>‚</span> <span class='ocrx_word' id='word_1_25' title='bbox 1595 616 1598 617; x_wconf 11' lang='lat'><em>7</em></span> 
     </span>
     <span class='ocr_line' id='line_1_5' title="bbox 229 615 1598 701; baseline 0.005 -24"><span class='ocrx_word' id='word_1_26' title='bbox 229 645 260 671; x_wconf 77' lang='grc' dir='ltr'><strong>α</strong></span> <span class='ocrx_word' id='word_1_27' title='bbox 270 624 450 693; x_wconf 79' lang='lat' dir='ltr'><strong>Nate,</strong></span> <span class='ocrx_word' id='word_1_28' title='bbox 482 623 664 700; x_wconf 84' lang='lat' dir='ltr'><strong>cupis·</strong></span> <span class='ocrx_word' id='word_1_29' title='bbox 687 615 915 679; x_wconf 78' lang='lat' dir='ltr'><strong>thalami</strong></span> <span class='ocrx_word' id='word_1_30' title='bbox 931 626 1185 701; x_wconf 78' lang='lat' dir='ltr'><strong>quamvis</strong></span> <span class='ocrx_word' id='word_1_31' title='bbox 1203 627 1329 701; x_wconf 79' lang='lat' dir='ltr'><strong>juga</strong></span> <span class='ocrx_word' id='word_1_32' title='bbox 1353 625 1506 684; x_wconf 72' lang='lat' dir='ltr'><strong>serre</strong></span> <span class='ocrx_word' id='word_1_33' title='bbox 1595 658 1598 661; x_wconf 96' lang='lat'>·</span> 
     </span>
     <span class='ocr_line' id='line_1_6' title="bbox 436 708 668 766; baseline -0.004 -2"><span class='ocrx_word' id='word_1_34' title='bbox 436 708 668 766; x_wconf 79' lang='lat' dir='ltr'><strong>secundi</strong></span> 
     </span>
     <span class='ocr_line' id='line_1_7' title="bbox 228 790 1683 876; baseline 0.003 -30"><span class='ocrx_word' id='word_1_35' title='bbox 228 812 257 842; x_wconf 76' lang='grc' dir='ltr'>α</span> <span class='ocrx_word' id='word_1_36' title='bbox 282 790 439 866; x_wconf 81' lang='lat' dir='ltr'><strong>Saepe</strong></span> <span class='ocrx_word' id='word_1_37' title='bbox 466 807 638 876; x_wconf 83' lang='lat' dir='ltr'><strong>neget</strong></span> <span class='ocrx_word' id='word_1_38' title='bbox 661 812 916 850; x_wconf 79' lang='lat' dir='ltr'><strong>moerens·</strong></span> <span class='ocrx_word' id='word_1_39' title='bbox 935 796 1162 871; x_wconf 84' lang='lat' dir='ltr'><strong>Ipsam‘</strong></span> <span class='ocrx_word' id='word_1_40' title='bbox 1147 814 1258 867; x_wconf 75' lang='lat' dir='ltr'><strong>lam</strong></span> <span class='ocrx_word' id='word_1_41' title='bbox 1277 795 1482 852; x_wconf 82' lang='lat' dir='ltr'><strong>cedere</strong></span> <span class='ocrx_word' id='word_1_42' title='bbox 1499 795 1648 851; x_wconf 79' lang='lat' dir='ltr'><strong>sensi</strong></span> <span class='ocrx_word' id='word_1_43' title='bbox 1667 836 1683 864; x_wconf 82' lang='lat'>‚</span> 
     </span>
     <span class='ocr_line' id='line_1_8' title="bbox 230 876 1698 953; baseline 0.004 -25"><span class='ocrx_word' id='word_1_44' title='bbox 230 897 257 925; x_wconf 83' lang='grc' dir='ltr'>α</span> <span class='ocrx_word' id='word_1_45' title='bbox 277 876 452 949; x_wconf 87' lang='lat' dir='ltr'><strong>Inque</strong></span> <span class='ocrx_word' id='word_1_46' title='bbox 475 877 655 934; x_wconf 81' lang='lat' dir='ltr'><strong>vicem</strong></span> <span class='ocrx_word' id='word_1_47' title='bbox 675 880 921 953; x_wconf 80' lang='lat' dir='ltr'><strong>tepuisse</strong></span> <span class='ocrx_word' id='word_1_48' title='bbox 948 880 1093 950; x_wconf 73' lang='lat' dir='ltr'><strong>virp.</strong></span> <span class='ocrx_word' id='word_1_49' title='bbox 1114 903 1143 932; x_wconf 72' lang='lat' dir='ltr'><strong>n</strong></span> <span class='ocrx_word' id='word_1_50' title='bbox 1170 880 1262 939; x_wconf 84' lang='lat' dir='ltr'><strong>Sic</strong></span> <span class='ocrx_word' id='word_1_51' title='bbox 1288 882 1436 947; x_wconf 82' lang='lat' dir='ltr'><strong>sata,</strong></span> <span class='ocrx_word' id='word_1_52' title='bbox 1465 878 1698 936; x_wconf 79' lang='lat' dir='ltr'><strong>levavit</strong></span> 
     </span>
     <span class='ocr_line' id='line_1_9' title="bbox 223 957 1653 1041; baseline 0.002 -26"><span class='ocrx_word' id='word_1_53' title='bbox 223 957 483 1015; x_wconf 86' lang='lat' dir='ltr'><strong>Sidereos</strong></span> <span class='ocrx_word' id='word_1_54' title='bbox 507 974 692 1030; x_wconf 87' lang='lat' dir='ltr'><strong>artus;</strong></span> <span class='ocrx_word' id='word_1_55' title='bbox 723 961 1069 1039; x_wconf 78' lang='lat' dir='ltr'><strong>thalamique</strong></span> <span class='ocrx_word' id='word_1_56' title='bbox 1100 983 1326 1041; x_wconf 83' lang='lat' dir='ltr'><strong>egressa</strong></span> <span class='ocrx_word' id='word_1_57' title='bbox 1349 963 1653 1039; x_wconf 86' lang='lat' dir='ltr'><strong>superbum</strong></span> 
     </span>
     <span class='ocr_line' id='line_1_10' title="bbox 223 1027 1502 1121; baseline 0.006 -25"><span class='ocrx_word' id='word_1_58' title='bbox 223 1027 446 1114; x_wconf 85' lang='lat' dir='ltr'><strong>Limen,</strong></span> <span class='ocrx_word' id='word_1_59' title='bbox 474 1043 788 1121; x_wconf 81' lang='lat' dir='ltr'><strong>Amyclaeos</strong></span> <span class='ocrx_word' id='word_1_60' title='bbox 809 1047 880 1103; x_wconf 91' lang='lat' dir='ltr'><strong>ad</strong></span> <span class='ocrx_word' id='word_1_61' title='bbox 900 1050 1060 1104; x_wconf 79' lang='lat' dir='ltr'><strong>frena</strong></span> <span class='ocrx_word' id='word_1_62' title='bbox 1085 1049 1281 1107; x_wconf 82' lang='lat' dir='ltr'><strong>citavit</strong></span> <span class='ocrx_word' id='word_1_63' title='bbox 1301 1052 1502 1104; x_wconf 75' lang='lat' dir='ltr'><strong>olores.</strong></span> 
     </span>
     <span class='ocr_line' id='line_1_11' title="bbox 171 1129 1564 1209; baseline 0.001 -25"><span class='ocrx_word' id='word_1_64' title='bbox 171 1190 189 1196; x_wconf 48' lang='lat'><em>„</em></span> <span class='ocrx_word' id='word_1_65' title='bbox 223 1130 258 1184; x_wconf 89' lang='lat' dir='ltr'><strong>J</strong></span> <span class='ocrx_word' id='word_1_66' title='bbox 264 1138 418 1202; x_wconf 73' lang='lat' dir='ltr'><strong>ungit</strong></span> <span class='ocrx_word' id='word_1_67' title='bbox 440 1129 651 1184; x_wconf 84' lang='lat' dir='ltr'><strong>Amor·</strong></span> <span class='ocrx_word' id='word_1_68' title='bbox 637 1129 974 1208; x_wconf 69' lang='lat' dir='ltr'><strong>,laetamque</strong></span> <span class='ocrx_word' id='word_1_69' title='bbox 999 1131 1219 1193; x_wconf 75' lang='lat' dir='ltr'><strong>vehens</strong></span> <span class='ocrx_word' id='word_1_70' title='bbox 1242 1152 1350 1209; x_wconf 77' lang='lat' dir='ltr'><strong>per</strong></span> <span class='ocrx_word' id='word_1_71' title='bbox 1372 1130 1564 1188; x_wconf 77' lang='lat' dir='ltr'><strong>nubila</strong></span> 
     </span>
     <span class='ocr_line' id='line_1_12' title="bbox 440 1224 718 1284; baseline 0.014 -18"><span class='ocrx_word' id='word_1_72' title='bbox 440 1224 678 1269; x_wconf 85' lang='lat' dir='ltr'><strong>matrem</strong></span> <span class='ocrx_word' id='word_1_73' title='bbox 701 1254 718 1284; x_wconf 91' lang='lat'>,</span> 
     </span>
     <span class='ocr_line' id='line_1_13' title="bbox 224 1294 1574 1376; baseline 0.004 -26"><span class='ocrx_word' id='word_1_74' title='bbox 224 1294 521 1352; x_wconf 86' lang='lat' dir='ltr'><strong>Gemmato</strong></span> <span class='ocrx_word' id='word_1_75' title='bbox 540 1311 765 1355; x_wconf 79' lang='lat' dir='ltr'><strong>temone</strong></span> <span class='ocrx_word' id='word_1_76' title='bbox 782 1301 957 1358; x_wconf 88' lang='lat' dir='ltr'><strong>sedet.</strong></span> <span class='ocrx_word' id='word_1_77' title='bbox 983 1301 1018 1358; x_wconf 89' lang='lat' dir='ltr'><strong>J</strong></span> <span class='ocrx_word' id='word_1_78' title='bbox 1022 1322 1113 1356; x_wconf 89' lang='lat' dir='ltr'><strong>am</strong></span> <span class='ocrx_word' id='word_1_79' title='bbox 1129 1300 1399 1376; x_wconf 78' lang='lat' dir='ltr'>Tybridis</span> <span class='ocrx_word' id='word_1_80' title='bbox 1415 1317 1574 1357; x_wconf 71' lang='lat' dir='ltr'><strong>arces</strong></span> 
     </span>
     <span class='ocr_line' id='line_1_14' title="bbox 221 1379 1531 1461; baseline 0.004 -27"><span class='ocrx_word' id='word_1_81' title='bbox 221 1379 404 1437; x_wconf 82' lang='lat' dir='ltr'><strong>Iliaeae</strong></span> <span class='ocrx_word' id='word_1_82' title='bbox 430 1400 446 1436; x_wconf 72' lang='grc' dir='ltr'><strong><em>ε</em></strong></span> <span class='ocrx_word' id='word_1_83' title='bbox 473 1383 677 1458; x_wconf 80' lang='lat' dir='ltr'><strong>pandit</strong></span> <span class='ocrx_word' id='word_1_84' title='bbox 696 1384 908 1440; x_wconf 87' lang='lat' dir='ltr'><strong>nitidos</strong></span> <span class='ocrx_word' id='word_1_85' title='bbox 923 1385 1121 1441; x_wconf 87' lang='lat' dir='ltr'><strong>domus</strong></span> <span class='ocrx_word' id='word_1_86' title='bbox 1136 1384 1245 1440; x_wconf 85' lang='lat' dir='ltr'><strong>alta</strong></span> <span class='ocrx_word' id='word_1_87' title='bbox 1262 1397 1497 1461; x_wconf 86' lang='lat' dir='ltr'><strong>penates</strong></span> <span class='ocrx_word' id='word_1_88' title='bbox 1513 1428 1531 1450; x_wconf 90' lang='lat'><em>,</em></span> 
     </span>
     <span class='ocr_line' id='line_1_15' title="bbox 225 1465 1582 1547; baseline 0.004 -28"><span class='ocrx_word' id='word_1_89' title='bbox 225 1465 503 1541; x_wconf 85' lang='lat' dir='ltr'><strong>Claraque</strong></span> <span class='ocrx_word' id='word_1_90' title='bbox 518 1466 829 1542; x_wconf 82' lang='lat' dir='ltr'><strong>gaudentes</strong></span> <span class='ocrx_word' id='word_1_91' title='bbox 844 1469 1170 1546; x_wconf 85' lang='lat' dir='ltr'><strong>plauserunt</strong></span> <span class='ocrx_word' id='word_1_92' title='bbox 1189 1467 1383 1527; x_wconf 87' lang='lat' dir='ltr'><strong>limina</strong></span> <span class='ocrx_word' id='word_1_93' title='bbox 1400 1469 1582 1547; x_wconf 84' lang='lat' dir='ltr'><strong>cycni.</strong></span> 
     </span>
     <span class='ocr_line' id='line_1_16' title="bbox 223 1550 1625 1626; baseline 0.001 -19"><span class='ocrx_word' id='word_1_94' title='bbox 223 1550 405 1626; x_wconf 86' lang='lat' dir='ltr'><strong>Digna</strong></span> <span class='ocrx_word' id='word_1_95' title='bbox 420 1554 550 1609; x_wconf 83' lang='lat' dir='ltr'><strong>Deae</strong></span> <span class='ocrx_word' id='word_1_96' title='bbox 573 1554 734 1611; x_wconf 86' lang='lat' dir='ltr'><strong>sedes</strong></span> <span class='ocrx_word' id='word_1_97' title='bbox 755 1596 770 1621; x_wconf 90' lang='lat'>‚</span> <span class='ocrx_word' id='word_1_98' title='bbox 797 1553 989 1612; x_wconf 86' lang='lat' dir='ltr'><strong>nitidis</strong></span> <span class='ocrx_word' id='word_1_99' title='bbox 1007 1574 1115 1611; x_wconf 88' lang='lat' dir='ltr'><strong>nec</strong></span> <span class='ocrx_word' id='word_1_100' title='bbox 1136 1553 1327 1610; x_wconf 80' lang='lat' dir='ltr'><strong>sordet</strong></span> <span class='ocrx_word' id='word_1_101' title='bbox 1355 1553 1427 1612; x_wconf 81' lang='lat' dir='ltr'><strong>ab</strong></span> <span class='ocrx_word' id='word_1_102' title='bbox 1448 1552 1625 1610; x_wconf 71' lang='lat' dir='ltr'><strong>astris.</strong></span> 
     </span>
     <span class='ocr_line' id='line_1_17' title="bbox 222 1632 1522 1714; baseline 0.005 -27"><span class='ocrx_word' id='word_1_103' title='bbox 222 1633 327 1690; x_wconf 90' lang='lat' dir='ltr'><strong>Hic</strong></span> <span class='ocrx_word' id='word_1_104' title='bbox 344 1635 592 1714; x_wconf 80' lang='lat' dir='ltr'><strong>Libycus</strong></span> <span class='ocrx_word' id='word_1_105' title='bbox 613 1678 631 1708; x_wconf 86' lang='lat'>‚</span> <span class='ocrx_word' id='word_1_106' title='bbox 662 1632 1045 1714; x_wconf 72' lang='lat' dir='ltr'><strong>Phrygiusque</strong></span> <span class='ocrx_word' id='word_1_107' title='bbox 1072 1633 1242 1694; x_wconf 57' lang='lat' dir='ltr'><strong>silex:</strong></span> <span class='ocrx_word' id='word_1_108' title='bbox 1274 1637 1368 1694; x_wconf 88' lang='lat' dir='ltr'><strong>hic</strong></span> <span class='ocrx_word' id='word_1_109' title='bbox 1383 1637 1522 1696; x_wconf 74' lang='lat' dir='ltr'><strong>dura</strong></span> 
     </span>
     <span class='ocr_line' id='line_1_18' title="bbox 332 1722 1616 1778; baseline 0.004 -4"><span class='ocrx_word' id='word_1_110' title='bbox 332 1722 333 1725; x_wconf 68' lang='grc'>’</span> <span class='ocrx_word' id='word_1_111' title='bbox 426 1725 710 1778; x_wconf 86' lang='lat' dir='ltr'><strong>Laconum</strong></span> <span class='ocrx_word' id='word_1_112' title='bbox 855 1752 863 1760; x_wconf 88' lang='lat'><strong>·</strong></span> <span class='ocrx_word' id='word_1_113' title='bbox 1611 1740 1616 1745; x_wconf 86' lang='grc'><strong><em>’</em></strong></span> 
     </span>
     <span class='ocr_line' id='line_1_19' title="bbox 218 1803 1618 1886; baseline 0.004 -27"><span class='ocrx_word' id='word_1_114' title='bbox 218 1803 361 1859; x_wconf 85' lang='lat' dir='ltr'><strong>Saxa</strong></span> <span class='ocrx_word' id='word_1_115' title='bbox 391 1804 575 1863; x_wconf 83' lang='lat' dir='ltr'><strong>virent</strong></span> <span class='ocrx_word' id='word_1_116' title='bbox 594 1828 608 1864; x_wconf 76' lang='lat' dir='ltr'>t</span> <span class='ocrx_word' id='word_1_117' title='bbox 625 1806 722 1863; x_wconf 90' lang='lat' dir='ltr'><strong>hic</strong></span> <span class='ocrx_word' id='word_1_118' title='bbox 742 1809 912 1864; x_wconf 78' lang='lat' dir='ltr'><strong>flexus</strong></span> <span class='ocrx_word' id='word_1_119' title='bbox 928 1828 1076 1886; x_wconf 77' lang='lat' dir='ltr'><strong>onyx</strong></span> <span class='ocrx_word' id='word_1_120' title='bbox 1091 1849 1107 1879; x_wconf 87' lang='lat'>‚</span> <span class='ocrx_word' id='word_1_121' title='bbox 1135 1819 1191 1865; x_wconf 85' lang='lat' dir='ltr'><strong>et</strong></span> <span class='ocrx_word' id='word_1_122' title='bbox 1211 1805 1480 1878; x_wconf 75' lang='lat' dir='ltr'><strong>concolor</strong></span> <span class='ocrx_word' id='word_1_123' title='bbox 1504 1805 1618 1864; x_wconf 83' lang='lat' dir='ltr'><strong>alto</strong></span> 
     </span>
     <span class='ocr_line' id='line_1_20' title="bbox 219 1887 1557 1970; baseline 0 -20"><span class='ocrx_word' id='word_1_124' title='bbox 219 1890 384 1950; x_wconf 83' lang='lat' dir='ltr'><strong>Vena</strong></span> <span class='ocrx_word' id='word_1_125' title='bbox 411 1892 551 1947; x_wconf 85' lang='lat' dir='ltr'><strong>mari</strong></span> <span class='ocrx_word' id='word_1_126' title='bbox 572 1913 900 1970; x_wconf 85' lang='lat' dir='ltr'><strong>‚rupesque</strong></span> <span class='ocrx_word' id='word_1_127' title='bbox 927 1887 1141 1964; x_wconf 78' lang='lat' dir='ltr'><strong>nitent,</strong></span> <span class='ocrx_word' id='word_1_128' title='bbox 1170 1893 1292 1968; x_wconf 77' lang='lat' dir='ltr'><strong>quls</strong></span> <span class='ocrx_word' id='word_1_129' title='bbox 1309 1913 1557 1970; x_wconf 82' lang='lat' dir='ltr'><strong>purpura</strong></span> 
     </span>
     <span class='ocr_line' id='line_1_21' title="bbox 433 1977 586 2035; baseline -0.007 0"><span class='ocrx_word' id='word_1_130' title='bbox 433 1977 586 2035; x_wconf 81' lang='lat' dir='ltr'><strong>cedit</strong></span> 
     </span>
     <span class='ocr_line' id='line_1_22' title="bbox 216 2057 1462 2141; baseline 0.003 -27"><span class='ocrx_word' id='word_1_131' title='bbox 216 2057 480 2129; x_wconf 85' lang='lat' dir='ltr'><strong>OEbalis‚</strong></span> <span class='ocrx_word' id='word_1_132' title='bbox 503 2076 560 2119; x_wconf 83' lang='lat' dir='ltr'><strong>et</strong></span> <span class='ocrx_word' id='word_1_133' title='bbox 586 2063 742 2141; x_wconf 87' lang='lat' dir='ltr'><strong>Tyrii</strong></span> <span class='ocrx_word' id='word_1_134' title='bbox 769 2063 1092 2119; x_wconf 86' lang='lat' dir='ltr'><strong>moderator</strong></span> <span class='ocrx_word' id='word_1_135' title='bbox 1107 2061 1251 2120; x_wconf 84' lang='lat' dir='ltr'><strong>.livet</strong></span> <span class='ocrx_word' id='word_1_136' title='bbox 1277 2060 1462 2119; x_wconf 88' lang='lat' dir='ltr'><strong>aheni.</strong></span> 
     </span>
     <span class='ocr_line' id='line_1_23' title="bbox 215 2142 1579 2221; baseline 0.004 -23"><span class='ocrx_word' id='word_1_137' title='bbox 215 2142 574 2218; x_wconf 85' lang='lat' dir='ltr'><strong>Splendent</strong></span> <span class='ocrx_word' id='word_1_138' title='bbox 559 2147 864 2202; x_wconf 85' lang='lat' dir='ltr'><strong>mnumeris</strong></span> <span class='ocrx_word' id='word_1_139' title='bbox 890 2147 1108 2221; x_wconf 80' lang='lat' dir='ltr'><strong>fastigia</strong></span> <span class='ocrx_word' id='word_1_140' title='bbox 1127 2146 1255 2202; x_wconf 81' lang='lat' dir='ltr'><strong>nixa</strong></span> <span class='ocrx_word' id='word_1_141' title='bbox 1279 2146 1579 2204; x_wconf 77' lang='lat' dir='ltr'><strong>columnis·</strong></span> <span class='ocrx_word' id='word_1_142' title='bbox 1563 2189 1579 2218; x_wconf 90' lang='lat'>,</span> 
     </span>
     <span class='ocr_line' id='line_1_24' title="bbox 216 2220 1506 2289; baseline 0.002 -5"><span class='ocrx_word' id='word_1_143' title='bbox 216 2228 444 2284; x_wconf 87' lang='lat' dir='ltr'><strong>Robora</strong></span> <span class='ocrx_word' id='word_1_144' title='bbox 456 2230 787 2287; x_wconf 83' lang='lat' dir='ltr'><strong>Dalmatico</strong></span> <span class='ocrx_word' id='word_1_145' title='bbox 811 2230 1005 2287; x_wconf 86' lang='lat' dir='ltr'><strong>lucent</strong></span> <span class='ocrx_word' id='word_1_146' title='bbox 1030 2233 1226 2287; x_wconf 81' lang='lat' dir='ltr'><strong>satiata</strong></span> <span class='ocrx_word' id='word_1_147' title='bbox 1245 2220 1506 2289; x_wconf 82' lang='lat' dir='ltr'><strong>metallo.</strong></span> 
     </span>
     <span class='ocr_line' id='line_1_25' title="bbox 214 2308 1449 2393; baseline 0.003 -26"><span class='ocrx_word' id='word_1_148' title='bbox 214 2308 534 2370; x_wconf 85' lang='lat' dir='ltr'><strong>Excludunt</strong></span> <span class='ocrx_word' id='word_1_149' title='bbox 555 2313 747 2380; x_wconf 86' lang='lat' dir='ltr'><strong>radios</strong></span> <span class='ocrx_word' id='word_1_150' title='bbox 762 2315 934 2393; x_wconf 75' lang='lat' dir='ltr'><strong>sylvis</strong></span> <span class='ocrx_word' id='word_1_151' title='bbox 959 2317 1188 2373; x_wconf 88' lang='lat' dir='ltr'><strong>decussa</strong></span> <span class='ocrx_word' id='word_1_152' title='bbox 1214 2318 1449 2373; x_wconf 76' lang='lat' dir='ltr'><strong>vetustis</strong></span> 
     </span>
     <span class='ocr_line' id='line_1_26' title="bbox 200 2397 1611 2475; baseline 0.003 -22"><span class='ocrx_word' id='word_1_153' title='bbox 200 2397 445 2474; x_wconf 58' lang='lat' dir='ltr'><strong>&gt;Frigora</strong></span> <span class='ocrx_word' id='word_1_154' title='bbox 462 2417 477 2471; x_wconf 92' lang='lat'>;</span> <span class='ocrx_word' id='word_1_155' title='bbox 497 2399 786 2475; x_wconf 86' lang='lat' dir='ltr'><strong>perspicui</strong></span> <span class='ocrx_word' id='word_1_156' title='bbox 807 2400 998 2458; x_wconf 85' lang='lat' dir='ltr'><strong>vivunt</strong></span> <span class='ocrx_word' id='word_1_157' title='bbox 1022 2402 1081 2456; x_wconf 87' lang='lat' dir='ltr'><strong>in</strong></span> <span class='ocrx_word' id='word_1_158' title='bbox 1098 2421 1376 2457; x_wconf 86' lang='lat' dir='ltr'><strong>marmore</strong></span> <span class='ocrx_word' id='word_1_159' title='bbox 1404 2398 1611 2457; x_wconf 80' lang='lat' dir='ltr'><strong>sonteS.</strong></span> 
     </span>
     <span class='ocr_line' id='line_1_27' title="bbox 215 2484 1509 2563; baseline 0.002 -24"><span class='ocrx_word' id='word_1_160' title='bbox 215 2484 336 2539; x_wconf 88' lang='lat' dir='ltr'><strong>Nec</strong></span> <span class='ocrx_word' id='word_1_161' title='bbox 354 2496 535 2541; x_wconf 85' lang='lat' dir='ltr'><strong>servat</strong></span> <span class='ocrx_word' id='word_1_162' title='bbox 559 2497 760 2541; x_wconf 82' lang='lat' dir='ltr'><strong>natura</strong></span> <span class='ocrx_word' id='word_1_163' title='bbox 787 2486 940 2543; x_wconf 82' lang='lat' dir='ltr'><strong>vices</strong></span> <span class='ocrx_word' id='word_1_164' title='bbox 970 2503 984 2540; x_wconf 72' lang='grc' dir='ltr'><em>τ</em></span> <span class='ocrx_word' id='word_1_165' title='bbox 1013 2485 1103 2541; x_wconf 75' lang='lat' dir='ltr'><strong>hic</strong></span> <span class='ocrx_word' id='word_1_166' title='bbox 1129 2485 1307 2544; x_wconf 77' lang='lat' dir='ltr'><strong>Sirius</strong></span> <span class='ocrx_word' id='word_1_167' title='bbox 1323 2486 1468 2563; x_wconf 85' lang='lat' dir='ltr'><strong>alget</strong></span> <span class='ocrx_word' id='word_1_168' title='bbox 1493 2529 1509 2557; x_wconf 83' lang='lat'>‚</span> 
     </span>
     <span class='ocr_line' id='line_1_28' title="bbox 212 2570 1631 2660; baseline 0.001 -37"><span class='ocrx_word' id='word_1_169' title='bbox 212 2571 412 2626; x_wconf 83' lang='lat' dir='ltr'><strong>Bruma</strong></span> <span class='ocrx_word' id='word_1_170' title='bbox 433 2582 619 2645; x_wconf 86' lang='lat' dir='ltr'><strong>tepet,</strong></span> <span class='ocrx_word' id='word_1_171' title='bbox 605 2588 617 2600; x_wconf 94' lang='lat'><strong>·</strong></span> <span class='ocrx_word' id='word_1_172' title='bbox 641 2590 984 2645; x_wconf 85' lang='lat' dir='ltr'><strong>versumque</strong></span> <span class='ocrx_word' id='word_1_173' title='bbox 1009 2570 1208 2660; x_wconf 72' lang='lat' dir='ltr'><strong>domus</strong></span> <span class='ocrx_word' id='word_1_174' title='bbox 1229 2570 1335 2627; x_wconf 85' lang='lat' dir='ltr'><strong>sibi</strong></span> <span class='ocrx_word' id='word_1_175' title='bbox 1354 2583 1631 2646; x_wconf 77' lang='lat' dir='ltr'><strong>temperat</strong></span> 
     </span>
     <span class='ocr_line' id='line_1_29' title="bbox 426 2676 652 2712; baseline -0.005 -1"><span class='ocrx_word' id='word_1_176' title='bbox 426 2676 652 2712; x_wconf 87' lang='lat' dir='ltr'><strong>annum.</strong></span> 
     </span>
     <span class='ocr_line' id='line_1_30' title="bbox 285 2737 1527 2815; baseline 0.001 -23"><span class='ocrx_word' id='word_1_177' title='bbox 285 2737 511 2796; x_wconf 79' lang='lat' dir='ltr'><strong>Exultat</strong></span> <span class='ocrx_word' id='word_1_178' title='bbox 532 2739 686 2810; x_wconf 81' lang='lat' dir='ltr'><strong>visu,</strong></span> <span class='ocrx_word' id='word_1_179' title='bbox 719 2740 995 2815; x_wconf 84' lang='lat' dir='ltr'><strong>tectisque</strong></span> <span class='ocrx_word' id='word_1_180' title='bbox 1013 2740 1266 2814; x_wconf 76' lang='lat' dir='ltr'><strong>potentis</strong></span> <span class='ocrx_word' id='word_1_181' title='bbox 1290 2739 1527 2798; x_wconf 59' lang='lat' dir='ltr'><strong>aiunt-m</strong></span> 
     </span>
     <span class='ocr_line' id='line_1_31' title="bbox 213 2809 1704 2910; baseline -0.003 -29"><span class='ocrx_word' id='word_1_182' title='bbox 213 2826 357 2881; x_wconf 86' lang='lat' dir='ltr'><strong>Non·</strong></span> <span class='ocrx_word' id='word_1_183' title='bbox 364 2846 523 2882; x_wconf 83' lang='lat' dir='ltr'><strong>secus</strong></span> <span class='ocrx_word' id='word_1_184' title='bbox 550 2826 694 2881; x_wconf 83' lang='lat' dir='ltr'><strong>alma</strong></span> <span class='ocrx_word' id='word_1_185' title='bbox 712 2826 944 2893; x_wconf 63' lang='lat' dir='ltr'><strong>Venus»,</strong></span> <span class='ocrx_word' id='word_1_186' title='bbox 975 2842 1144 2899; x_wconf 79' lang='lat' dir='ltr'><strong>quam</strong></span> <span class='ocrx_word' id='word_1_187' title='bbox 1164 2823 1208 2879; x_wconf 91' lang='lat' dir='ltr'><strong>si</strong></span> <span class='ocrx_word' id='word_1_188' title='bbox 1226 2823 1464 2910; x_wconf 78' lang='lat' dir='ltr'><strong>Paphon</strong></span> <span class='ocrx_word' id='word_1_189' title='bbox 1483 2809 1704 2899; x_wconf 77' lang='lat' dir='ltr'><strong>aequore</strong></span> 
     </span>
     <span class='ocr_line' id='line_1_32' title="bbox 436 2910 1702 2981; baseline 0.002 -15"><span class='ocrx_word' id='word_1_190' title='bbox 436 2910 506 2966; x_wconf 89' lang='lat' dir='ltr'><strong>ab</strong></span> <span class='ocrx_word' id='word_1_191' title='bbox 534 2912 646 2967; x_wconf 85' lang='lat' dir='ltr'><strong>alto</strong></span> <span class='ocrx_word' id='word_1_192' title='bbox 674 2953 690 2981; x_wconf 83' lang='lat'>‚</span> <span class='ocrx_word' id='word_1_193' title='bbox 1692 2935 1702 2943; x_wconf 92' lang='lat'><strong>·</strong></span> 
     </span>
     <span class='ocr_line' id='line_1_33' title="bbox 210 2990 1564 3072; baseline -0.003 -18"><span class='ocrx_word' id='word_1_194' title='bbox 210 2995 484 3055; x_wconf 83' lang='lat' dir='ltr'><strong>Idaliasve</strong></span> <span class='ocrx_word' id='word_1_195' title='bbox 504 2996 699 3053; x_wconf 88' lang='lat' dir='ltr'><strong>domos</strong></span> <span class='ocrx_word' id='word_1_196' title='bbox 719 3038 735 3067; x_wconf 79' lang='lat'>,</span> <span class='ocrx_word' id='word_1_197' title='bbox 761 2995 1078 3072; x_wconf 81' lang='lat' dir='ltr'><strong>Erycinave</strong></span> <span class='ocrx_word' id='word_1_198' title='bbox 1099 2992 1305 3070; x_wconf 82' lang='lat' dir='ltr'><strong>templa</strong></span> <span class='ocrx_word' id='word_1_199' title='bbox 1332 2990 1564 3051; x_wconf 83' lang='lat' dir='ltr'><strong>subiret.</strong></span> 
     </span>
    </p>
   </div>
  </div>
 </body>
</html>
