2079 3613
403 234 518 312 340
670 237 1117 305 warmume,
1165 240 1308 292 mn.
1364 245 1416 293 1.
1579 202 1585 208 ’
1707 235 1785 295 ι·5

262 337 519 417 Inserpit
545 336 698 396 curis
714 382 732 406 ,
757 357 1086 414 pronusque
1111 359 1212 415 per
1239 347 1370 396 a'eta
1391 352 1582 412 nutat,

266 426 451 484 Grata
469 423 743 501 laboratae
769 424 1018 487 reserens
1038 423 1243 481 oblivia
1267 423 1434 485 vitae„

266 511 386 569 Sed
411 530 521 567 nec
546 509 799 586 punioeo
825 508 1136 566 rediturum
1156 508 1352 566 nubila
1376 510 1514 566 coelo

266 598 587 656 Promisere
612 597 806 672 jubar;
828 615 936 652 nec
961 596 1377 655 rarescentibus
1396 595 1608 654 umbris

266 685 468 760 Longa
493 702 833 760 repercusso
857 682 1077 737 nituere
1110 681 1441 757 crepuscula
1468 681 1702 741 Phoebo.-

270 768 519 824 Densior
535 788 570 823 a
600 768 790 838 terris,
819 778 876 823 et
896 764 1037 825 nulli
1055 768 1250 843 pervia
1276 768 1506 825 llammae

268 851 534 909 Subtexit
549 872 669 909 nox
687 864 810 909 atra
831 851 1022 928 polos:
1050 854 1163 928 jam
1187 852 1427 913 claustra
1451 851 1678 928 rigentis

272 940 475 997 AEoliae
494 960 767 1018 pereussa
785 953 1014 1010 sonant,
1044 954 1397 1018 venturaque
1422 959 1597 998 rauco

271 1026 388 1084 Ore
405 1028 660 1086 minatur
675 1027 877 1084 hiems.
896 1027 1076 1086 Venti
1097 1039 1407 1087 transversa
1431 1028 1741 1084 frementes

274 1113 622 1190 Confligunt‚
648 1132 927 1189 axemque
952 1125 1139 1173 emoto
1166 1111 1399 1170 cardine
1423 1110 1644 1171 vellunt
1660 1154 1679 1184 ,

276 1203 422 1255 Dum
458 1198 665 1258 coelum
701 1197 807 1256 sibi
844 1197 1084 1275 quisque
1123 1198 1293 1276 rapit.
1333 1198 1450 1256 Sed
1480 1196 1752 1275 plurimus

341 1298 345 1303 ’
417 1286 632 1344 Auster

275 1369 620 1447 Inglomerat
660 1382 890 1428 noctem
913 1412 930 1442 ‚
973 1382 1032 1428 et
1070 1369 1367 1428 tenebrosa
1403 1369 1688 1431 volumina

424 1468 663 1534 torquet
682 1499 699 1528 ‚

274 1541 663 1617 Defunditque
682 1541 917 1612 imbres,
942 1541 1092 1599 sicco
1111 1561 1253 1618 quos
1272 1561 1440 1619 asper
1455 1542 1618 1600 hiatu

200 1699 222 1709 ς
272 1626 588 1686 Persolidat
602 1626 847 1684 Boreas:
877 1647 986 1683 nec
1010 1647 1128 1685 non
1152 1627 1390 1706 abrupta
1413 1627 1742 1686 tremiscunt

271 1714 515 1790 Fulgura
534 1753 552 1784 ‚
582 1725 642 1768 et
666 1711 892 1770 attritus
915 1712 1099 1795 subita
1121 1714 1243 1771 face
1263 1714 1543 1790 rumpitur
1560 1712 1753 1770 aether.

273 1800 396 1856 Jam
415 1798 656 1869 Nemea,
685 1799 798 1873 jam
823 1798 1099 1855 Taenareis
1125 1797 1474 1855 contermina
1490 1795 1635 1856 lueis

276 1882 529 1939 Arcadiae
549 1882 744 1957 capita
770 1882 881 1938 alta
905 1884 1167 1939 madent:
1186 1884 1304 1939 ruit
1322 1925 1337 1953 ‚
1362 1883 1580 1959 agmine
1598 1884 1782 1950 facto,

271 1968 512 2027 Inachus
529 2011 544 2041 ‚
581 1980 644 2025 et
669 1966 852 2043 gelida
877 1985 1110 2043 surgens
1130 1965 1397 2022 Erasinus
1422 1966 1494 2020 ab
1506 1967 1711 2023 Arcto.

273 2053 669 2113 pulverulenta
688 2051 845 2129 prius
862 2093 879 2123 ‚
910 2051 1293 2128 calcandaque
1312 2050 1541 2108 flumina
1565 2048 1732 2110 nulle

272 2141 582 2219 Aggeribus
606 2153 840 2197 tenuere
860 2158 1029 2198 morae
1048 2182 1066 2205 ‚
1094 2148 1403 2214 stagnoque
1428 2138 1616 2196 refusa
1636 2149 1725 2196 est

272 2226 573 2295 Funditus»,
605 2238 660 2282 et
687 2224 864 2282 veteri
890 2223 1174 2301 spumavit
1193 2225 1377 2279 Lerna
1394 2243 1639 2281 veneno.

271 2311 571 2387 Frangitur
587 2330 755 2367 omne
772 2329 1000 2367 nemus:
1022 2310 1248 2387 rapiunt
1269 2314 1500 2387 antiqua
1517 2308 1783 2388 procelloe

271 2394 500 2451 Brachia
524 2394 809 2473 sylvarum
826 2437 842 2466 ,
865 2396 1144 2472 nullisque
1172 2405 1399 2472 aspecta
1426 2416 1531 2474 per
1548 2416 1729 2456 aevum

273 2480 484 2538 Solibus
497 2524 515 2553 ‚
543 2483 795 2539 umbrosi
812 2494 1050 2559 patuere
1067 2483 1263 2541 aestiva
1282 2484 1486 2561 Lyeaei.

348 2562 451 2622 Ille
473 2579 654 2625 tamen
672 2569 845 2625 modo
862 2587 995 2625 saxa
1012 2568 1156 2648 jugis
1175 2566 1443 2644 fugientia
1462 2570 1658 2646 ruptis*

266 2652 519 2726 Miratur,
544 2658 719 2714 modo
744 2652 1054 2728 nubigenas
1076 2673 1107 2709 e
1126 2652 1407 2709 montibus
1427 2670 1621 2711 amnes

275 2738 423 2795 Aure
441 2759 691 2815 pavens»,
723 2739 1050 2819 passimque
1073 2736 1270 2796 insano
1293 2735 1522 2794 turbine
1545 2749 1735 2817 raptas

273 2823 559 2880 Pastorum
602 2845 990 2903 pecorumque
1033 2822 1233 2880 domos
1252 2840 1268 2893 3
1315 2842 1430 2880 non
1480 2824 1702 2901 segnius
1772 2860 1780 2867 -

208 2981 211 2985 Α
416 2930 607 2968 amens
628 2953 645 2984 ,
849 2964 853 2969 .

273 2991 635 3077 Incertusque
655 2995 791 3073 riae,
824 3017 927 3076 per
949 2996 1107 3075 nigra
1133 2995 1349 3068 silentia
1365 3038 1382 3072 ,
1419 3007 1638 3060 vastum
