2079 3613
307 250 435 334 376
552 261 988 328 THEBAmos,
1039 264 1182 313 Lm.
1234 266 1371 314 ΧΠ.
1501 262 1611 342 579

308 381 337 412 ι(
358 360 522 418 Unde
540 360 663 417 haec
683 381 834 417 arma
855 362 1059 417 refers,
1080 360 1195 419 Sed
1222 373 1276 418 et
1296 361 1447 418 hunc
1473 361 1709 440 dignare

517 446 895 522 triumphum:

306 553 334 583 α
355 534 440 587 Da
461 532 628 588 terris
652 552 827 588 unum
855 530 1106 606 coeloque
1130 529 1431 608 Ereboque
1459 532 1726 587 laborem.

304 637 334 666 α
353 614 408 670 Si
421 614 1015 690 patriumMarathona
1027 629 1180 672 metu
1197 661 1215 685 ‚
1244 617 1286 673 si
1304 628 1453 673 tecta
1479 614 1681 674 levasti
1758 653 1761 656 -

300 720 329 750 α
353 700 568 756 Cressia
584 742 598 769 ,
618 720 724 757 nec
742 701 890 756 fudit
909 720 1083 757 vanos
1109 722 1249 757 anus
1267 700 1491 777 hospita
1512 701 1694 758 fletus,

303 807 333 837 ι(
355 783 443 840 Sic
465 783 565 840 tibi
590 805 702 843 non
728 784 853 841 uuae
874 785 1024 841 socia
1046 786 1161 842 sine
1177 782 1398 842 Pallade
1413 805 1611 862 pugnae
1628 827 1645 855 ‚

303 891 332 921 «
354 870 472 925 Nec
493 889 646 926 sacer
658 870 909 929 invideat
926 870 1154 948 paribus
1167 870 1496 949 Tirynthius
1513 871 1654 929 actis
1668 912 1685 941 ‚

301 976 331 1007 α
351 955 588 1032 Semper
613 968 670 1013 et
695 957 755 1012 in
783 977 952 1013 curru
968 999 984 1027 ‚
1006 976 1226 1032 semper
1249 969 1306 1012 te
1331 969 1511 1012 mater
1535 968 1800 1014 ovantem

300 1064 331 1094 «
352 1042 578 1112 Cernat,
608 1055 661 1099 et
682 1044 899 1101 invictae
917 1042 995 1099 nil
1018 1043 1123 1099 tale
1147 1055 1455 1118 precentur
1479 1043 1711 1101 Athenae
1729 1048 1745 1098 t
1766 1065 1796 1095 »ι

371 1127 621 1186 Dixerat.
643 1129 946 1205 Excipiunt
972 1141 1189 1189 cunctae
1204 1172 1223 1197 ,
1248 1127 1606 1205 tenduntque

596 1227 850 1272 recantes

296 1235 709 1356 Cum'claiinore
735 1320 952 1356 manus,
974 1297 1190 1355 Rubuit
1217 1298 1541 1375 Neptunius
1554 1297 1720 1354 heros
1738 1339 1754 1369 ,

294 1384 587 1442 Permotus
609 1385 875 1461 lacrymis
893 1405 908 1457 ;
939 1388 1084 1461 justa
1104 1404 1234 1441 mox
1254 1385 1509 1440 concitus
1527 1384 1610 1440 ira
1628 1425 1643 1452 ,

293 1467 582 1527 Exclamat
600 1488 615 1525 ι
636 1493 663 1522 «
676 1473 941 1542 Quaenam
959 1470 1065 1526 ista
1081 1489 1261 1527 novos
1278 1468 1502 1526 induxit
1517 1468 1762 1545 Erinnys

293 1578 322 1608 c<
353 1559 668 1633 Regnorum
683 1554 913 1614 mores?
938 1576 1054 1611 non
1079 1554 1197 1611 haec
1225 1575 1327 1633 ego
1345 1567 1577 1632 pectora
1592 1553 1736 1632 liqui

295 1665 324 1696 ι(
345 1642 643 1718 Grajorum
666 1642 1001 1713 abscedens,
1024 1641 1314 1719 Scythiam
1329 1686 1344 1713 ‚
1367 1653 1718 1719 pontumque

511 1728 751 1785 nivalem

291 1836 321 1868 ι
343 1816 485 1873 Cum
502 1828 778 1893 peterem.
810 1814 1005 1873 Novus
1023 1814 1174 1873 unde
1191 1812 1387 1872 furor?
1411 1814 1695 1873 victumne

422 1951 431 1957 .
505 1902 719 1980 putasti

291 2011 321 2041 α
341 1985 559 2052 Thesea
576 2029 592 2058 ,
625 1987 745 2044 dire
767 1986 997 2047 Creon?
1024 1984 1224 2043 adsum
1247 2002 1261 2039 z
1289 1972 1397 2041 nec
1416 1983 1686 2062 sanguine

502 2075 709 2131 fessum
1374 2095 1392 2104 “

287 2185 316 2215 κ
339 2161 523 2217 Crede
554 2180 569 2216 z
592 2160 708 2217 sitit
739 2172 924 2218 sontes
950 2158 1257 2217 etiamnum
1269 2157 1391 2218 haec
1404 2157 1568 2215 hasta

507 2265 756 2303 cruoreS.
1187 2315 1192 2322 ,

286 2356 316 2385 α
334 2330 496 2388 Nulla
517 2352 670 2387 mora
689 2343 792 2389 est.
821 2332 995 2391 Verte
1008 2330 1163 2412 hunc
1182 2373 1200 2405 ‚
1219 2332 1357 2390 adeo
1376 2331 1638 2389 fidissime

503 2418 749 2495 Phlegeu
770 2460 787 2490 ‚

283 2530 314 2560 «
335 2504 724 2583 Cornipedem
751 2548 768 2577 ,
798 2517 854 2561 et
880 2507 1083 2582 Tyrias
1108 2506 1368 2565 invectus
1390 2501 1653 2584 protinus

505 2610 662 2647 arces
688 2633 705 2662 .,

284 2702 313 2731 α
332 2680 451 2735 Aut
471 2679 682 2733 Dana‘is
705 2677 864 2734 edice
886 2698 1077 2754 rogos,
1106 2689 1200 2734 aut
1228 2676 1418 2752 praelia
1446 2672 1680 2732 Thebis.
1705 2695 1741 2725 a

350 2764 444 2821 Sic
466 2764 543 2819 ait
569 2782 583 2819 ε
613 2762 818 2819 oblitus
844 2762 1091 2838 bellique
1117 2804 1133 2832 ‚
1163 2762 1377 2839 viaeque
1403 2759 1664 2815 laborum
1687 2803 1704 2831 ‚

278 2850 666 2923 Hortaturque
690 2867 818 2903 suos
842 2891 856 2915 ‚
883 2849 1145 2923 viresque
1172 2847 1442 2904 instaurat
1460 2844 1704 2902 anhelas.

276 2935 355 2989 Ut
368 2933 537 2989 modo
556 2932 849 2990 connubiis
878 2945 1071 2987 taurus
1087 2974 1102 3001 ‚
1134 2933 1393 3008 saltuque
1415 2942 1651 3006 recepto
1667 2971 1688 3001 ‚

281 3021 425 3079 Cum
449 3019 637 3097 posuit
660 3037 910 3095 pugnas;
939 3016 1048 3075 alio
1075 3018 1291 3106 sixforte
1316 3013 1557 3091 remugit
