2079 3613
562 253 662 310 168
757 252 1281 326 altusmons,
1334 257 1481 305 mn.
1533 258 1643 305 lv.
1745 239 1870 316 423

370 348 617 420 Limina,
635 349 762 421 ubi,
796 350 852 405 in
879 348 1076 406 mediae
1093 349 1423 425 jamdudum
1446 351 1673 408 sedibus
1700 350 1837 406 aulae
1859 384 1879 416 ,

369 435 605 490 Munera
620 435 901 511 virgineos
919 434 1349 499 visus'tractura
1366 434 1580 493 locarat

370 519 622 595 Tydides
644 539 659 579 ε
678 520 1159 597 signum-hospitii
1176 562 1195 591 ‚
1223 521 1578 596 pretiumque
1595 520 1818 578 laboris.

368 605 748 683 Hortaturque
772 607 994 682 legant,
1020 627 1129 664 uec
1155 626 1256 665 rex
1279 604 1684 683 placidissimus
1708 615 1876 663 arcet.

369 690 497 746 Heu
521 691 794 769 simplex,
815 690 1160 768 nimiumque
1178 690 1368 748 rudis!
1402 690 1499 766 qui
1526 689 1729 748 callida

592 779 746 835 dona
772 817 789 848 .,

366 857 786 937 Graiorumque
808 859 968 917 dolos
982 904 996 930 ,
1013 861 1346 937 variumque
1364 861 1590 938 ignorat

532 994 535 995 a
590 945 847 1021 Ulyssem
878 943 892 1000 !
1417 1014 1436 1028 ‚

366 1027 520 1084 Hinc
542 1027 663 1085 aliae
683 1068 701 1097 ‚
724 1048 840 1103 qua
867 1047 1033 1085 sexus
1059 1027 1211 1085 iners
1237 1040 1548 1102 naturaque
1571 1028 1729 1087 ducit
1753 1067 1772 1096 ‚

369 1112 490 1168 Aut
518 1106 728 1169 teretes
746 1112 1000 1189 thyrsos,
1020 1125 1118 1168 aut
1139 1111 1545 1189 respondentia
1564 1124 1791 1170 tentant

366 1199 673 1274 Tympana
690 1239 705 1265 ,
727 1197 1022 1274 gemmatis
1036 1210 1136 1256 aut
1158 1210 1395 1255 nectunt
1420 1210 1675 1276 tempora

590 1283 799 1347 limbis·
1712 1277 1724 1288 ⁰

369 1370 545 1426 Arma
560 1369 758 1437 vident
771 1412 788 1440 ‚
810 1388 1125 1447 magnoque
1143 1381 1346 1447 putant
1372 1369 1581 1427 donata
1597 1367 1842 1445 parenti.

369 1458 447 1512 At
474 1458 621 1514 ferus
642 1455 902 1517 AEaeides
922 1455 1240 1515 radiantem
1259 1469 1324 1516 ut
1343 1456 1599 1514 cominus
1624 1454 1823 1512 orbem

365 1541 636 1600 Caelatum
663 1541 869 1618 pugnis
888 1542 1043 1599 saevis
1060 1584 1073 1607 ‚
1107 1554 1163 1596 et
1191 1541 1339 1598 forte
1360 1541 1667 1597 rubentem

366 1626 650 1683 Bellorum
663 1625 901 1683 maculis
916 1665 933 1696 ‚
956 1623 1236 1682 acclinem
1256 1637 1312 1682 et
1326 1623 1605 1702 conspicit
1734 1620 1744 1626 ”

458 1770 461 1773 ,
577 1710 797 1767 hastam
832 1729 847 1766 ε
1123 1716 1127 1721 ’

366 1794 704 1867 Infi’emuit,
734 1792 1006 1870 torsitque
1025 1811 1227 1871 genas;
1257 1805 1345 1864 et,
1373 1794 1560 1851 fronte
1588 1792 1783 1851 relicta
1807 1835 1825 1865 ,

364 1883 675 1940 Surrexere
694 1899 886 1937 comae.
912 1883 1204 1954 Nusquam
1223 1878 1486 1936 mandata
1513 1880 1768 1956 parentis
1787 1920 1805 1952 ,

365 1971 657 2043 Nusquam
675 1963 929 2022 occultus
956 1985 1114 2022 amor
1128 2005 1146 2035 ‚
1178 1975 1411 2040 totoque
1428 1963 1484 2020 in
1500 1978 1736 2042 pectore

589 2051 760 2124 Troja
780 2064 885 2108 est.
1615 2051 1620 2054 Δ

296 2210 300 2215 η
442 2140 519 2195 Ut
539 2142 631 2194 leo
647 2177 666 2208 ‚
693 2149 951 2194 materno
973 2156 1103 2193 cum
1123 2149 1325 2213 raptus
1347 2135 1421 2192 ab
1446 2136 1650 2208 ubere,
1692 2158 1882 2197 mores

370 2223 607 2300 Accepit
627 2262 646 2292 ,
673 2221 937 2300 pectique
959 2221 1155 2299 jubas,
1181 2220 1584 2299 hominemque
1609 2226 1795 2281 vereri

366 2307 646 2379 Edidicit‚
674 2308 965 2383 nullasque
987 2309 1100 2364 ruit
1126 2308 1230 2366 nisi
1256 2313 1436 2384 jussus
1462 2309 1517 2365 iu
1538 2308 1650 2366 iras
1672 2328 1688 2366 ε

364 2394 419 2449 Si
452 2394 628 2449 semel
648 2392 886 2449 adverso
914 2393 1162 2450 radiavit
1187 2394 1399 2449 lumine
1422 2396 1662 2463 sermm,

367 2479 603 2551 Ejurata
622 2477 763 2534 fides
781 2519 797 2547 ‚
822 2479 1181 2554 domitorque
1199 2477 1490 2549 inimicus;
1520 2478 1578 2533 in
1597 2475 1755 2534 illum

365 2565 551 2622 Prima
572 2567 751 2622 fames
767 2607 780 2630 ,
804 2555 1120 2640 timidoque
1145 2564 1320 2641 pudet
1341 2565 1574 2622 servisse
1594 2564 1877 2640 magistro·

443 2654 520 2709 Ut
542 2671 678 2707 vero
695 2649 932 2719 accessit
946 2649 1198 2726 propius,
1222 2654 1430 2725 luxque
1450 2648 1646 2720 aemula
1668 2647 1883 2708 circum

361 2738 666 2807 Reddidit,
693 2749 750 2793 et
772 2737 941 2794 simili
962 2736 1195 2794 tandem
1215 2756 1271 2794 se
1288 2734 1431 2794 vidit
1452 2735 1508 2790 in
1524 2756 1663 2792 auro
1685 2762 1701 2806 3

368 2823 635 2894 Horruit,
666 2822 1003 2899 erubuitque
1030 2821 1213 2880 simul.
1236 2823 1398 2877 Tunc
1420 2840 1552 2878 acer
1578 2821 1804 2899 Ulysses

367 2909 646 2966 Admotus
670 2909 870 2981 lateri,
895 2908 1183 2966 summissa
1210 2926 1427 2966 vocet«
1449 2906 1598 2980 Quid
1623 2907 1842 2968 haeres?

373 3018 401 3050 α
423 2995 636 3052 Scimus
654 3038 670 3067 ,
695 2995 802 3069 ait,
831 3006 891 3052 tu
915 2993 1158 3054 semiferi
1177 2992 1435 3052 Chironis
1450 2993 1704 3065 alumnus
1724 3014 1739 3067 3
