<?xml version="1.0" encoding="UTF-8"?>
<!DOCTYPE html PUBLIC "-//W3C//DTD XHTML 1.0 Transitional//EN"
    "http://www.w3.org/TR/xhtml1/DTD/xhtml1-transitional.dtd">
<html xmlns="http://www.w3.org/1999/xhtml" xml:lang="en" lang="en">
 <head>
  <title>
</title>
<meta http-equiv="Content-Type" content="text/html;charset=utf-8" />
  <meta name='ocr-system' content='tesseract 3.04.00' />
  <meta name='ocr-capabilities' content='ocr_page ocr_carea ocr_par ocr_line ocrx_word'/>
</head>
<body>
  <div class='ocr_page' id='page_1' title='image "./operaadoptimeed00statgoog/operaadoptimeed00statgoog_0486.png"; bbox 0 0 2079 3613; ppageno 0'>
   <div class='ocr_carea' id='block_1_1' title="bbox 250 308 1496 382">
    <p class='ocr_par' dir='ltr' id='par_1_1' title="bbox 250 308 1496 382">
     <span class='ocr_line' id='line_1_1' title="bbox 250 308 1496 382; baseline -0.007 -8"><span class='ocrx_word' id='word_1_1' title='bbox 250 308 396 382; x_wconf 69' lang='grc'>’454</span> <span class='ocrx_word' id='word_1_2' title='bbox 560 310 1291 379; x_wconf 43' lang='lat' dir='ltr'>serAaummasr</span> <span class='ocrx_word' id='word_1_3' title='bbox 1424 308 1496 366; x_wconf 77' lang='lat'>60</span> 
     </span>
    </p>
   </div>
   <div class='ocr_carea' id='block_1_2' title="bbox 262 392 1754 1245">
    <p class='ocr_par' dir='ltr' id='par_1_2' title="bbox 267 392 1722 492">
     <span class='ocr_line' id='line_1_2' title="bbox 267 392 1722 492; baseline -0.01 -18"><span class='ocrx_word' id='word_1_4' title='bbox 267 420 444 474; x_wconf 86' lang='lat' dir='ltr'>Tecta</span> <span class='ocrx_word' id='word_1_5' title='bbox 469 432 576 492; x_wconf 88' lang='lat' dir='ltr'>per</span> <span class='ocrx_word' id='word_1_6' title='bbox 596 428 653 472; x_wconf 92' lang='lat' dir='ltr'>et</span> <span class='ocrx_word' id='word_1_7' title='bbox 677 426 865 491; x_wconf 87' lang='lat' dir='ltr'>postes</span> <span class='ocrx_word' id='word_1_8' title='bbox 881 410 1120 486; x_wconf 87' lang='lat' dir='ltr'>liquidas</span> <span class='ocrx_word' id='word_1_9' title='bbox 1146 406 1379 484; x_wconf 84' lang='lat' dir='ltr'>emergis</span> <span class='ocrx_word' id='word_1_10' title='bbox 1404 407 1463 460; x_wconf 83' lang='lat' dir='ltr'>in</span> <span class='ocrx_word' id='word_1_11' title='bbox 1486 424 1649 462; x_wconf 81' lang='lat' dir='ltr'>auras</span> <span class='ocrx_word' id='word_1_12' title='bbox 1666 392 1722 460; x_wconf 65' lang='lat' dir='ltr'><em>T</em></span> 
     </span>
    </p>

    <p class='ocr_par' dir='ltr' id='par_1_3' title="bbox 266 487 1698 573">
     <span class='ocr_line' id='line_1_3' title="bbox 266 487 1698 573; baseline -0.01 -14"><span class='ocrx_word' id='word_1_13' title='bbox 266 506 392 573; x_wconf 89' lang='lat' dir='ltr'>Quo</span> <span class='ocrx_word' id='word_1_14' title='bbox 417 521 530 558; x_wconf 89' lang='lat' dir='ltr'>non</span> <span class='ocrx_word' id='word_1_15' title='bbox 557 501 660 557; x_wconf 91' lang='lat' dir='ltr'>sub</span> <span class='ocrx_word' id='word_1_16' title='bbox 686 497 916 557; x_wconf 83' lang='lat' dir='ltr'>domino</span> <span class='ocrx_word' id='word_1_17' title='bbox 939 488 1355 570; x_wconf 78' lang='lat' dir='ltr'>saevas&#39;passura</span> <span class='ocrx_word' id='word_1_18' title='bbox 1381 487 1698 568; x_wconf 76' lang='lat' dir='ltr'>bipennes?</span> 
     </span>
    </p>

    <p class='ocr_par' dir='ltr' id='par_1_4' title="bbox 264 577 1491 660">
     <span class='ocr_line' id='line_1_4' title="bbox 264 577 1491 660; baseline -0.007 -19"><span class='ocrx_word' id='word_1_19' title='bbox 264 586 334 641; x_wconf 88' lang='lat' dir='ltr'>Et</span> <span class='ocrx_word' id='word_1_20' title='bbox 359 602 506 641; x_wconf 90' lang='lat' dir='ltr'>nunc</span> <span class='ocrx_word' id='word_1_21' title='bbox 534 584 735 660; x_wconf 82' lang='lat' dir='ltr'>ignarae</span> <span class='ocrx_word' id='word_1_22' title='bbox 762 582 948 639; x_wconf 81' lang='lat' dir='ltr'>forsan</span> <span class='ocrx_word' id='word_1_23' title='bbox 974 579 1066 636; x_wconf 86' lang='lat' dir='ltr'>vel</span> <span class='ocrx_word' id='word_1_24' title='bbox 1084 577 1295 634; x_wconf 86' lang='lat' dir='ltr'>lubrica</span> <span class='ocrx_word' id='word_1_25' title='bbox 1325 578 1491 645; x_wconf 60' lang='lat' dir='ltr'>Nais,</span> 
     </span>
    </p>

    <p class='ocr_par' dir='ltr' id='par_1_5' title="bbox 262 660 1754 743">
     <span class='ocr_line' id='line_1_5' title="bbox 262 660 1754 743; baseline -0.008 -20"><span class='ocrx_word' id='word_1_26' title='bbox 262 668 368 725; x_wconf 86' lang='lat' dir='ltr'>Vel</span> <span class='ocrx_word' id='word_1_27' title='bbox 394 690 512 726; x_wconf 92' lang='lat' dir='ltr'>non</span> <span class='ocrx_word' id='word_1_28' title='bbox 533 669 805 743; x_wconf 84' lang='lat' dir='ltr'>abruptos</span> <span class='ocrx_word' id='word_1_29' title='bbox 831 664 931 720; x_wconf 88' lang='lat' dir='ltr'>tibi</span> <span class='ocrx_word' id='word_1_30' title='bbox 960 662 1133 720; x_wconf 87' lang='lat' dir='ltr'>debet</span> <span class='ocrx_word' id='word_1_31' title='bbox 1157 660 1505 736; x_wconf 74' lang='lat' dir='ltr'>Hamadryas</span> <span class='ocrx_word' id='word_1_32' title='bbox 1523 675 1725 714; x_wconf 79' lang='lat' dir='ltr'>annos·</span> <span class='ocrx_word' id='word_1_33' title='bbox 1751 716 1754 717; x_wconf 13' lang='lat'><em>⁷</em></span> 
     </span>
    </p>

    <p class='ocr_par' dir='ltr' id='par_1_6' title="bbox 264 747 1617 913">
     <span class='ocr_line' id='line_1_6' title="bbox 264 747 1617 827; baseline -0.01 -16"><span class='ocrx_word' id='word_1_34' title='bbox 264 750 413 827; x_wconf 86' lang='lat' dir='ltr'>Quid</span> <span class='ocrx_word' id='word_1_35' title='bbox 440 757 678 810; x_wconf 87' lang='lat' dir='ltr'>referam</span> <span class='ocrx_word' id='word_1_36' title='bbox 699 751 915 807; x_wconf 85' lang='lat' dir='ltr'>alterno</span> <span class='ocrx_word' id='word_1_37' title='bbox 947 747 1197 826; x_wconf 86' lang='lat' dir='ltr'>geminas</span> <span class='ocrx_word' id='word_1_38' title='bbox 1222 764 1391 821; x_wconf 86' lang='lat' dir='ltr'>super</span> <span class='ocrx_word' id='word_1_39' title='bbox 1418 763 1617 821; x_wconf 83' lang='lat' dir='ltr'>aggere</span> 
     </span>
     <span class='ocr_line' id='line_1_7' title="bbox 489 828 817 913; baseline -0.006 -21"><span class='ocrx_word' id='word_1_40' title='bbox 489 828 817 913; x_wconf 78' lang='lat' dir='ltr'>nymphas?</span> 
     </span>
    </p>

    <p class='ocr_par' dir='ltr' id='par_1_7' title="bbox 263 910 1720 998">
     <span class='ocr_line' id='line_1_8' title="bbox 263 910 1720 998; baseline -0.008 -19"><span class='ocrx_word' id='word_1_41' title='bbox 263 922 646 998; x_wconf 84' lang='lat' dir='ltr'>Algentesque</span> <span class='ocrx_word' id='word_1_42' title='bbox 670 921 851 988; x_wconf 85' lang='lat' dir='ltr'>lacus,</span> <span class='ocrx_word' id='word_1_43' title='bbox 876 917 1145 994; x_wconf 77' lang='lat' dir='ltr'>albusque</span> <span class='ocrx_word' id='word_1_44' title='bbox 1163 917 1222 972; x_wconf 89' lang='lat' dir='ltr'>in</span> <span class='ocrx_word' id='word_1_45' title='bbox 1242 914 1460 992; x_wconf 82' lang='lat' dir='ltr'>gurgite</span> <span class='ocrx_word' id='word_1_46' title='bbox 1479 914 1665 970; x_wconf 75' lang='lat' dir='ltr'>fontes</span> <span class='ocrx_word' id='word_1_47' title='bbox 1692 910 1720 967; x_wconf 67' lang='grc' dir='ltr'>’ἕ</span> 
     </span>
    </p>

    <p class='ocr_par' dir='ltr' id='par_1_8' title="bbox 262 996 1563 1160">
     <span class='ocr_line' id='line_1_9' title="bbox 262 996 1563 1083; baseline -0.008 -21"><span class='ocrx_word' id='word_1_48' title='bbox 262 1011 460 1083; x_wconf 84' lang='lat' dir='ltr'>Teque</span> <span class='ocrx_word' id='word_1_49' title='bbox 480 1048 498 1078; x_wconf 90' lang='lat'>,</span> <span class='ocrx_word' id='word_1_50' title='bbox 526 1026 630 1081; x_wconf 86' lang='lat' dir='ltr'>per</span> <span class='ocrx_word' id='word_1_51' title='bbox 656 1005 944 1080; x_wconf 88' lang='lat' dir='ltr'>obliquum</span> <span class='ocrx_word' id='word_1_52' title='bbox 966 1002 1191 1078; x_wconf 88' lang='lat' dir='ltr'>penitus</span> <span class='ocrx_word' id='word_1_53' title='bbox 1216 996 1563 1075; x_wconf 80' lang='lat' dir='ltr'>quaelaberis</span> 
     </span>
     <span class='ocr_line' id='line_1_10' title="bbox 492 1110 750 1160; baseline -0.012 -12"><span class='ocrx_word' id='word_1_54' title='bbox 492 1110 710 1148; x_wconf 82' lang='lat' dir='ltr'>amnem</span> <span class='ocrx_word' id='word_1_55' title='bbox 734 1132 750 1160; x_wconf 83' lang='lat'><strong>‚</strong></span> 
     </span>
    </p>

    <p class='ocr_par' dir='ltr' id='par_1_9' title="bbox 263 1164 1725 1245">
     <span class='ocr_line' id='line_1_11' title="bbox 263 1164 1725 1245; baseline -0.008 -13"><span class='ocrx_word' id='word_1_56' title='bbox 263 1177 483 1232; x_wconf 86' lang='lat' dir='ltr'>Marcia</span> <span class='ocrx_word' id='word_1_57' title='bbox 500 1217 516 1245; x_wconf 83' lang='lat'>‚</span> <span class='ocrx_word' id='word_1_58' title='bbox 547 1188 601 1232; x_wconf 91' lang='lat' dir='ltr'>et</span> <span class='ocrx_word' id='word_1_59' title='bbox 623 1175 823 1231; x_wconf 83' lang='lat' dir='ltr'>audaci</span> <span class='ocrx_word' id='word_1_60' title='bbox 840 1172 1173 1230; x_wconf 83' lang='lat' dir='ltr'>transcurris</span> <span class='ocrx_word' id='word_1_61' title='bbox 1196 1171 1420 1226; x_wconf 84' lang='lat' dir='ltr'>flumina</span> <span class='ocrx_word' id='word_1_62' title='bbox 1445 1166 1679 1245; x_wconf 84' lang='lat' dir='ltr'>plumbo</span> <span class='ocrx_word' id='word_1_63' title='bbox 1698 1164 1725 1221; x_wconf 68' lang='grc' dir='ltr'>ἐ’</span> 
     </span>
    </p>
   </div>
   <div class='ocr_carea' id='block_1_3' title="bbox 166 1246 1652 1317">
    <p class='ocr_par' dir='ltr' id='par_1_10' title="bbox 166 1246 1652 1317">
     <span class='ocr_line' id='line_1_12' title="bbox 166 1246 1652 1317; baseline -0.007 0"><span class='ocrx_word' id='word_1_64' title='bbox 166 1246 169 1247; x_wconf 25' lang='lat'><em>⁷</em></span> <span class='ocrx_word' id='word_1_65' title='bbox 265 1260 394 1316; x_wconf 87' lang='lat' dir='ltr'>Non</span> <span class='ocrx_word' id='word_1_66' title='bbox 420 1260 601 1317; x_wconf 91' lang='lat' dir='ltr'>solum</span> <span class='ocrx_word' id='word_1_67' title='bbox 627 1261 800 1317; x_wconf 91' lang='lat' dir='ltr'>Ioniis</span> <span class='ocrx_word' id='word_1_68' title='bbox 826 1260 931 1316; x_wconf 70' lang='lat' dir='ltr'>sub‘</span> <span class='ocrx_word' id='word_1_69' title='bbox 948 1258 1208 1314; x_wconf 78' lang='lat' dir='ltr'>fluctibus</span> <span class='ocrx_word' id='word_1_70' title='bbox 1234 1254 1409 1312; x_wconf 84' lang='lat' dir='ltr'>Elidis</span> <span class='ocrx_word' id='word_1_71' title='bbox 1436 1263 1652 1311; x_wconf 86' lang='lat' dir='ltr'>amnem</span> 
     </span>
    </p>
   </div>
   <div class='ocr_carea' id='block_1_4' title="bbox 260 1341 1757 1926">
    <p class='ocr_par' dir='ltr' id='par_1_11' title="bbox 262 1341 1551 1416">
     <span class='ocr_line' id='line_1_13' title="bbox 262 1341 1551 1416; baseline -0.005 -16"><span class='ocrx_word' id='word_1_72' title='bbox 262 1341 458 1401; x_wconf 87' lang='lat' dir='ltr'>Dulcis</span> <span class='ocrx_word' id='word_1_73' title='bbox 485 1343 559 1399; x_wconf 89' lang='lat' dir='ltr'>ad</span> <span class='ocrx_word' id='word_1_74' title='bbox 587 1344 832 1401; x_wconf 88' lang='lat' dir='ltr'>AEtnaeos</span> <span class='ocrx_word' id='word_1_75' title='bbox 858 1342 1092 1400; x_wconf 82' lang='lat' dir='ltr'><strong>deducit</strong></span> <span class='ocrx_word' id='word_1_76' title='bbox 1118 1341 1311 1398; x_wconf 83' lang='lat' dir='ltr'>semita</span> <span class='ocrx_word' id='word_1_77' title='bbox 1335 1353 1551 1416; x_wconf 87' lang='lat' dir='ltr'>portus.</span> 
     </span>
    </p>

    <p class='ocr_par' dir='ltr' id='par_1_12' title="bbox 263 1425 1477 1504">
     <span class='ocr_line' id='line_1_14' title="bbox 263 1425 1477 1504; baseline -0.004 -20"><span class='ocrx_word' id='word_1_78' title='bbox 263 1428 383 1485; x_wconf 88' lang='lat' dir='ltr'>Illis</span> <span class='ocrx_word' id='word_1_79' title='bbox 410 1430 528 1504; x_wconf 90' lang='lat' dir='ltr'>ipse</span> <span class='ocrx_word' id='word_1_80' title='bbox 557 1428 732 1484; x_wconf 82' lang='lat' dir='ltr'>antris</span> <span class='ocrx_word' id='word_1_81' title='bbox 756 1425 1004 1482; x_wconf 86' lang='lat' dir='ltr'>Auienus</span> <span class='ocrx_word' id='word_1_82' title='bbox 1022 1465 1041 1496; x_wconf 85' lang='lat'><strong>,</strong></span> <span class='ocrx_word' id='word_1_83' title='bbox 1068 1427 1221 1482; x_wconf 86' lang='lat' dir='ltr'>fonte</span> <span class='ocrx_word' id='word_1_84' title='bbox 1245 1426 1441 1481; x_wconf 84' lang='lat' dir='ltr'>relicto</span> <span class='ocrx_word' id='word_1_85' title='bbox 1460 1465 1477 1494; x_wconf 81' lang='lat'>,</span> 
     </span>
    </p>

    <p class='ocr_par' dir='ltr' id='par_1_13' title="bbox 262 1508 1662 1672">
     <span class='ocr_line' id='line_1_15' title="bbox 262 1508 1662 1588; baseline -0.004 -19"><span class='ocrx_word' id='word_1_86' title='bbox 262 1517 438 1570; x_wconf 87' lang='lat' dir='ltr'><strong>Nocte</strong></span> <span class='ocrx_word' id='word_1_87' title='bbox 464 1512 566 1569; x_wconf 90' lang='lat' dir='ltr'>sub</span> <span class='ocrx_word' id='word_1_88' title='bbox 587 1532 785 1585; x_wconf 80' lang='lat' dir='ltr'>arcana</span> <span class='ocrx_word' id='word_1_89' title='bbox 807 1553 822 1581; x_wconf 86' lang='lat'>‚</span> <span class='ocrx_word' id='word_1_90' title='bbox 847 1511 1079 1588; x_wconf 86' lang='lat' dir='ltr'>glaucos</span> <span class='ocrx_word' id='word_1_91' title='bbox 1097 1523 1298 1568; x_wconf 83' lang='lat' dir='ltr'>exutus</span> <span class='ocrx_word' id='word_1_92' title='bbox 1326 1508 1587 1575; x_wconf 68' lang='lat' dir='ltr'>amictus»,</span> <span class='ocrx_word' id='word_1_93' title='bbox 1653 1553 1662 1562; x_wconf 93' lang='lat'>.</span> 
     </span>
     <span class='ocr_line' id='line_1_16' title="bbox 263 1594 1583 1672; baseline -0.004 -19"><span class='ocrx_word' id='word_1_94' title='bbox 263 1601 387 1654; x_wconf 90' lang='lat' dir='ltr'>Huc</span> <span class='ocrx_word' id='word_1_95' title='bbox 407 1596 538 1653; x_wconf 83' lang='lat' dir='ltr'>illuc</span> <span class='ocrx_word' id='word_1_96' title='bbox 565 1595 744 1671; x_wconf 78' lang='lat' dir='ltr'>fragili</span> <span class='ocrx_word' id='word_1_97' title='bbox 773 1594 1080 1672; x_wconf 79' lang='lat' dir='ltr'><strong>prosternit</strong></span> <span class='ocrx_word' id='word_1_98' title='bbox 1103 1608 1332 1670; x_wconf 85' lang='lat' dir='ltr'>pectora</span> <span class='ocrx_word' id='word_1_99' title='bbox 1358 1612 1545 1650; x_wconf 88' lang='lat' dir='ltr'>musco</span> <span class='ocrx_word' id='word_1_100' title='bbox 1567 1635 1583 1662; x_wconf 82' lang='lat'>‚</span> 
     </span>
    </p>

    <p class='ocr_par' dir='ltr' id='par_1_14' title="bbox 260 1678 1757 1926">
     <span class='ocr_line' id='line_1_17' title="bbox 263 1678 1652 1757; baseline -0.004 -20"><span class='ocrx_word' id='word_1_101' title='bbox 263 1684 371 1739; x_wconf 81' lang='lat' dir='ltr'>Aut</span> <span class='ocrx_word' id='word_1_102' title='bbox 393 1682 587 1757; x_wconf 86' lang='lat' dir='ltr'>ingens</span> <span class='ocrx_word' id='word_1_103' title='bbox 602 1682 660 1737; x_wconf 88' lang='lat' dir='ltr'>in</span> <span class='ocrx_word' id='word_1_104' title='bbox 683 1693 875 1756; x_wconf 87' lang='lat' dir='ltr'>stagna</span> <span class='ocrx_word' id='word_1_105' title='bbox 903 1678 1056 1736; x_wconf 88' lang='lat' dir='ltr'>cadit</span> <span class='ocrx_word' id='word_1_106' title='bbox 1073 1718 1090 1749; x_wconf 85' lang='lat'>‚</span> <span class='ocrx_word' id='word_1_107' title='bbox 1111 1679 1429 1755; x_wconf 82' lang='lat' dir='ltr'>vitreasque</span> <span class='ocrx_word' id='word_1_108' title='bbox 1455 1688 1652 1734; x_wconf 79' lang='lat' dir='ltr'>natatu</span> 
     </span>
     <span class='ocr_line' id='line_1_18' title="bbox 266 1762 1757 1843; baseline -0.004 -20"><span class='ocrx_word' id='word_1_109' title='bbox 266 1765 485 1824; x_wconf 83' lang='lat' dir='ltr'>Plaudit</span> <span class='ocrx_word' id='word_1_110' title='bbox 513 1785 684 1843; x_wconf 80' lang='lat' dir='ltr'>aquas</span> <span class='ocrx_word' id='word_1_111' title='bbox 710 1763 840 1843; x_wconf 74' lang='lat' dir='ltr'>:illa</span> <span class='ocrx_word' id='word_1_112' title='bbox 865 1764 1096 1822; x_wconf 87' lang='lat' dir='ltr'>recubat</span> <span class='ocrx_word' id='word_1_113' title='bbox 1122 1762 1409 1821; x_wconf 87' lang='lat' dir='ltr'>Tiburnus</span> <span class='ocrx_word' id='word_1_114' title='bbox 1433 1766 1492 1821; x_wconf 90' lang='lat' dir='ltr'>in</span> <span class='ocrx_word' id='word_1_115' title='bbox 1516 1762 1707 1820; x_wconf 85' lang='lat' dir='ltr'>umbra</span> <span class='ocrx_word' id='word_1_116' title='bbox 1740 1778 1757 1832; x_wconf 78' lang='lat'>3</span> 
     </span>
     <span class='ocr_line' id='line_1_19' title="bbox 260 1850 1606 1926; baseline -0.003 -18"><span class='ocrx_word' id='word_1_117' title='bbox 260 1851 386 1908; x_wconf 87' lang='lat' dir='ltr'>Illic</span> <span class='ocrx_word' id='word_1_118' title='bbox 411 1852 686 1910; x_wconf 81' lang='lat' dir='ltr'>sulfureos</span> <span class='ocrx_word' id='word_1_119' title='bbox 712 1852 872 1926; x_wconf 91' lang='lat' dir='ltr'>cupit</span> <span class='ocrx_word' id='word_1_120' title='bbox 895 1850 1103 1908; x_wconf 85' lang='lat' dir='ltr'>Albula</span> <span class='ocrx_word' id='word_1_121' title='bbox 1128 1869 1384 1925; x_wconf 80' lang='lat' dir='ltr'>mergere</span> <span class='ocrx_word' id='word_1_122' title='bbox 1404 1851 1606 1907; x_wconf 85' lang='lat' dir='ltr'>crines.</span> 
     </span>
    </p>
   </div>
   <div class='ocr_carea' id='block_1_5' title="bbox 170 1935 1607 2012">
    <p class='ocr_par' dir='ltr' id='par_1_15' title="bbox 170 1935 1607 2012">
     <span class='ocr_line' id='line_1_20' title="bbox 170 1935 1607 2012; baseline 0 -21"><span class='ocrx_word' id='word_1_123' title='bbox 170 1935 203 1997; x_wconf 57' lang='lat'>⁹,</span> <span class='ocrx_word' id='word_1_124' title='bbox 263 1940 401 1993; x_wconf 80' lang='lat' dir='ltr'>Haec</span> <span class='ocrx_word' id='word_1_125' title='bbox 426 1936 654 2007; x_wconf 78' lang='lat' dir='ltr'>domuS‚</span> <span class='ocrx_word' id='word_1_126' title='bbox 676 1935 910 2011; x_wconf 84' lang='lat' dir='ltr'>AEgeriae</span> <span class='ocrx_word' id='word_1_127' title='bbox 928 1935 1277 1991; x_wconf 84' lang='lat' dir='ltr'>nemoralem</span> <span class='ocrx_word' id='word_1_128' title='bbox 1303 1935 1607 2012; x_wconf 84' lang='lat' dir='ltr'>abjungere</span> 
     </span>
    </p>
   </div>
   <div class='ocr_carea' id='block_1_6' title="bbox 252 2020 1747 3112">
    <p class='ocr_par' dir='ltr' id='par_1_16' title="bbox 260 2020 1671 2439">
     <span class='ocr_line' id='line_1_21' title="bbox 481 2020 768 2091; baseline 0 -14"><span class='ocrx_word' id='word_1_129' title='bbox 481 2020 729 2078; x_wconf 86' lang='lat' dir='ltr'>Phoeben</span> <span class='ocrx_word' id='word_1_130' title='bbox 750 2062 768 2091; x_wconf 87' lang='lat'>‚</span> 
     </span>
     <span class='ocr_line' id='line_1_22' title="bbox 262 2104 1572 2184; baseline -0.001 -21"><span class='ocrx_word' id='word_1_131' title='bbox 262 2108 333 2163; x_wconf 92' lang='lat' dir='ltr'>Et</span> <span class='ocrx_word' id='word_1_132' title='bbox 356 2108 648 2181; x_wconf 86' lang='lat' dir='ltr'>Dryadum</span> <span class='ocrx_word' id='word_1_133' title='bbox 674 2105 903 2163; x_wconf 88' lang='lat' dir='ltr'>viduare</span> <span class='ocrx_word' id='word_1_134' title='bbox 925 2104 1109 2162; x_wconf 85' lang='lat' dir='ltr'>choris</span> <span class='ocrx_word' id='word_1_135' title='bbox 1133 2105 1372 2183; x_wconf 83' lang='lat' dir='ltr'>algentia</span> <span class='ocrx_word' id='word_1_136' title='bbox 1397 2108 1572 2184; x_wconf 84' lang='lat' dir='ltr'>possit</span> 
     </span>
     <span class='ocr_line' id='line_1_23' title="bbox 262 2189 1537 2268; baseline 0 -23"><span class='ocrx_word' id='word_1_137' title='bbox 262 2191 541 2265; x_wconf 83' lang='lat' dir='ltr'>Taygeta,</span> <span class='ocrx_word' id='word_1_138' title='bbox 565 2202 622 2245; x_wconf 86' lang='lat' dir='ltr'>et</span> <span class='ocrx_word' id='word_1_139' title='bbox 646 2189 800 2246; x_wconf 85' lang='lat' dir='ltr'>silvis</span> <span class='ocrx_word' id='word_1_140' title='bbox 819 2207 1100 2247; x_wconf 85' lang='lat' dir='ltr'>arcessere</span> <span class='ocrx_word' id='word_1_141' title='bbox 1123 2191 1274 2245; x_wconf 85' lang='lat' dir='ltr'>Pana</span> <span class='ocrx_word' id='word_1_142' title='bbox 1300 2191 1537 2268; x_wconf 76' lang='lat' dir='ltr'>LycaeiS.</span> 
     </span>
     <span class='ocr_line' id='line_1_24' title="bbox 261 2272 1671 2352; baseline -0.001 -22"><span class='ocrx_word' id='word_1_143' title='bbox 261 2272 433 2346; x_wconf 81' lang='lat' dir='ltr'>Quod</span> <span class='ocrx_word' id='word_1_144' title='bbox 449 2274 507 2329; x_wconf 92' lang='lat' dir='ltr'>ni</span> <span class='ocrx_word' id='word_1_145' title='bbox 528 2273 734 2348; x_wconf 86' lang='lat' dir='ltr'>templa</span> <span class='ocrx_word' id='word_1_146' title='bbox 762 2273 961 2331; x_wconf 84' lang='lat' dir='ltr'>darent</span> <span class='ocrx_word' id='word_1_147' title='bbox 982 2274 1123 2332; x_wconf 60' lang='lat' dir='ltr'>‘alias</span> <span class='ocrx_word' id='word_1_148' title='bbox 1148 2274 1437 2352; x_wconf 79' lang='lat' dir='ltr'>Tirynthia</span> <span class='ocrx_word' id='word_1_149' title='bbox 1458 2286 1635 2340; x_wconf 80' lang='lat' dir='ltr'>sortes</span> <span class='ocrx_word' id='word_1_150' title='bbox 1655 2315 1671 2342; x_wconf 82' lang='lat'>‚</span> 
     </span>
     <span class='ocr_line' id='line_1_25' title="bbox 260 2359 1479 2439; baseline 0.001 -25"><span class='ocrx_word' id='word_1_151' title='bbox 260 2360 331 2414; x_wconf 91' lang='lat' dir='ltr'>Et</span> <span class='ocrx_word' id='word_1_152' title='bbox 354 2359 701 2415; x_wconf 56' lang='lat' dir='ltr'>Praenestinae</span> <span class='ocrx_word' id='word_1_153' title='bbox 714 2372 977 2436; x_wconf 81' lang='lat' dir='ltr'>poterant</span> <span class='ocrx_word' id='word_1_154' title='bbox 992 2361 1230 2439; x_wconf 80' lang='lat' dir='ltr'>migrare</span> <span class='ocrx_word' id='word_1_155' title='bbox 1244 2378 1479 2417; x_wconf 77' lang='lat' dir='ltr'>sorores·</span> 
     </span>
    </p>

    <p class='ocr_par' dir='ltr' id='par_1_17' title="bbox 252 2443 1747 3112">
     <span class='ocr_line' id='line_1_26' title="bbox 333 2443 1747 2523; baseline -0.001 -25"><span class='ocrx_word' id='word_1_156' title='bbox 333 2443 487 2516; x_wconf 87' lang='lat' dir='ltr'>Quid</span> <span class='ocrx_word' id='word_1_157' title='bbox 503 2444 680 2502; x_wconf 79' lang='lat' dir='ltr'>bifera</span> <span class='ocrx_word' id='word_1_158' title='bbox 695 2444 920 2501; x_wconf 86' lang='lat' dir='ltr'>Alcinoi</span> <span class='ocrx_word' id='word_1_159' title='bbox 946 2446 1167 2504; x_wconf 86' lang='lat' dir='ltr'>laudem</span> <span class='ocrx_word' id='word_1_160' title='bbox 1193 2443 1443 2523; x_wconf 88' lang='lat' dir='ltr'>pomaria</span> <span class='ocrx_word' id='word_1_161' title='bbox 1461 2443 1489 2501; x_wconf 58' lang='grc' dir='ltr'>’.Ρ</span> <span class='ocrx_word' id='word_1_162' title='bbox 1506 2460 1713 2517; x_wconf 82' lang='lat' dir='ltr'>vosque</span> <span class='ocrx_word' id='word_1_163' title='bbox 1730 2480 1747 2510; x_wconf 90' lang='lat'>‚</span> 
     </span>
     <span class='ocr_line' id='line_1_27' title="bbox 260 2527 1673 2606; baseline -0.002 -22"><span class='ocrx_word' id='word_1_164' title='bbox 260 2530 370 2601; x_wconf 86' lang='lat' dir='ltr'>Qui</span> <span class='ocrx_word' id='word_1_165' title='bbox 386 2547 670 2603; x_wconf 86' lang='lat' dir='ltr'>nunquam</span> <span class='ocrx_word' id='word_1_166' title='bbox 686 2530 851 2585; x_wconf 87' lang='lat' dir='ltr'>vacui</span> <span class='ocrx_word' id='word_1_167' title='bbox 864 2531 1131 2606; x_wconf 79' lang='lat' dir='ltr'>prodistis</span> <span class='ocrx_word' id='word_1_168' title='bbox 1149 2530 1440 2587; x_wconf 84' lang='lat' dir='ltr'>in&#39;aethera</span> <span class='ocrx_word' id='word_1_169' title='bbox 1460 2570 1479 2599; x_wconf 82' lang='lat'>‚</span> <span class='ocrx_word' id='word_1_170' title='bbox 1501 2527 1673 2583; x_wconf 77' lang='lat' dir='ltr'>rami?</span> 
     </span>
     <span class='ocr_line' id='line_1_28' title="bbox 259 2611 1552 2691; baseline -0.002 -21"><span class='ocrx_word' id='word_1_171' title='bbox 259 2614 478 2670; x_wconf 86' lang='lat' dir='ltr'>Cedant</span> <span class='ocrx_word' id='word_1_172' title='bbox 492 2611 801 2691; x_wconf 72' lang='lat' dir='ltr'>Telegoni,</span> <span class='ocrx_word' id='word_1_173' title='bbox 823 2613 1025 2672; x_wconf 87' lang='lat' dir='ltr'>cedant</span> <span class='ocrx_word' id='word_1_174' title='bbox 1051 2616 1347 2672; x_wconf 86' lang='lat' dir='ltr'>Laurentia</span> <span class='ocrx_word' id='word_1_175' title='bbox 1374 2612 1552 2670; x_wconf 87' lang='lat' dir='ltr'>Turni</span> 
     </span>
     <span class='ocr_line' id='line_1_29' title="bbox 256 2694 1679 2776; baseline -0.003 -22"><span class='ocrx_word' id='word_1_176' title='bbox 256 2698 294 2754; x_wconf 87' lang='lat' dir='ltr'><strong>J</strong></span> <span class='ocrx_word' id='word_1_177' title='bbox 299 2719 463 2775; x_wconf 83' lang='lat' dir='ltr'>ugera</span> <span class='ocrx_word' id='word_1_178' title='bbox 480 2740 496 2768; x_wconf 85' lang='lat'>‚</span> <span class='ocrx_word' id='word_1_179' title='bbox 526 2698 890 2774; x_wconf 62' lang='lat' dir='ltr'>Lucrinaeque</span> <span class='ocrx_word' id='word_1_180' title='bbox 914 2699 1113 2755; x_wconf 86' lang='lat' dir='ltr'>domus</span> <span class='ocrx_word' id='word_1_181' title='bbox 1128 2741 1145 2771; x_wconf 83' lang='lat'><strong>‚</strong></span> <span class='ocrx_word' id='word_1_182' title='bbox 1172 2701 1437 2776; x_wconf 80' lang='lat' dir='ltr'>littusque</span> <span class='ocrx_word' id='word_1_183' title='bbox 1459 2694 1679 2754; x_wconf 86' lang='lat' dir='ltr'>cruenti</span> 
     </span>
     <span class='ocr_line' id='line_1_30' title="bbox 255 2781 1710 2861; baseline -0.001 -24"><span class='ocrx_word' id='word_1_184' title='bbox 255 2782 613 2858; x_wconf 57' lang='lat' dir='ltr'>Antiphaten</span> <span class='ocrx_word' id='word_1_185' title='bbox 645 2782 847 2838; x_wconf 86' lang='lat' dir='ltr'>cedant</span> <span class='ocrx_word' id='word_1_186' title='bbox 868 2784 1058 2841; x_wconf 81' lang='lat' dir='ltr'>vitreae</span> <span class='ocrx_word' id='word_1_187' title='bbox 1074 2785 1203 2861; x_wconf 84' lang='lat' dir='ltr'>juga</span> <span class='ocrx_word' id='word_1_188' title='bbox 1230 2784 1451 2860; x_wconf 84' lang='lat' dir='ltr'>perfida</span> <span class='ocrx_word' id='word_1_189' title='bbox 1470 2781 1666 2838; x_wconf 83' lang='lat' dir='ltr'>Circes</span> <span class='ocrx_word' id='word_1_190' title='bbox 1692 2818 1710 2848; x_wconf 90' lang='lat'>,</span> 
     </span>
     <span class='ocr_line' id='line_1_31' title="bbox 253 2864 1523 2944; baseline -0.002 -22"><span class='ocrx_word' id='word_1_191' title='bbox 253 2866 529 2923; x_wconf 85' lang='lat' dir='ltr'>Dulichiis</span> <span class='ocrx_word' id='word_1_192' title='bbox 559 2864 766 2922; x_wconf 86' lang='lat' dir='ltr'>ululata</span> <span class='ocrx_word' id='word_1_193' title='bbox 786 2867 938 2942; x_wconf 87' lang='lat' dir='ltr'>lupis</span> <span class='ocrx_word' id='word_1_194' title='bbox 953 2909 968 2938; x_wconf 85' lang='lat'><strong>‚</strong></span> <span class='ocrx_word' id='word_1_195' title='bbox 991 2887 1259 2944; x_wconf 87' lang='lat' dir='ltr'>arcesque</span> <span class='ocrx_word' id='word_1_196' title='bbox 1274 2865 1523 2944; x_wconf 82' lang='lat' dir='ltr'>superbae</span> 
     </span>
     <span class='ocr_line' id='line_1_32' title="bbox 254 2948 1591 3027; baseline 0.001 -24"><span class='ocrx_word' id='word_1_197' title='bbox 254 2948 523 3017; x_wconf 78' lang='lat' dir='ltr'>Anxuri5‚</span> <span class='ocrx_word' id='word_1_198' title='bbox 552 2962 609 3005; x_wconf 90' lang='lat' dir='ltr'>et</span> <span class='ocrx_word' id='word_1_199' title='bbox 628 2952 784 3005; x_wconf 81' lang='lat' dir='ltr'>sedes</span> <span class='ocrx_word' id='word_1_200' title='bbox 799 2949 1036 3027; x_wconf 83' lang='lat' dir='ltr'>Phrygio</span> <span class='ocrx_word' id='word_1_201' title='bbox 1052 2972 1187 3027; x_wconf 88' lang='lat' dir='ltr'>quas</span> <span class='ocrx_word' id='word_1_202' title='bbox 1204 2950 1352 3007; x_wconf 87' lang='lat' dir='ltr'>mitis</span> <span class='ocrx_word' id='word_1_203' title='bbox 1365 2949 1591 3005; x_wconf 83' lang='lat' dir='ltr'>alumno</span> 
     </span>
     <span class='ocr_line' id='line_1_33' title="bbox 252 3030 1747 3112; baseline 0.003 -25"><span class='ocrx_word' id='word_1_204' title='bbox 252 3030 436 3087; x_wconf 74' lang='lat' dir='ltr'>Debet</span> <span class='ocrx_word' id='word_1_205' title='bbox 461 3049 598 3096; x_wconf 75' lang='lat' dir='ltr'>anus</span> <span class='ocrx_word' id='word_1_206' title='bbox 629 3051 643 3088; x_wconf 74' lang='lat' dir='ltr'>t</span> <span class='ocrx_word' id='word_1_207' title='bbox 675 3034 885 3091; x_wconf 85' lang='lat' dir='ltr'>cedant</span> <span class='ocrx_word' id='word_1_208' title='bbox 910 3055 1036 3112; x_wconf 82' lang='lat' dir='ltr'>quae</span> <span class='ocrx_word' id='word_1_209' title='bbox 1063 3048 1119 3093; x_wconf 91' lang='lat' dir='ltr'>te</span> <span class='ocrx_word' id='word_1_210' title='bbox 1141 3076 1157 3107; x_wconf 86' lang='lat'>,</span> <span class='ocrx_word' id='word_1_211' title='bbox 1185 3037 1297 3111; x_wconf 80' lang='lat' dir='ltr'>jam</span> <span class='ocrx_word' id='word_1_212' title='bbox 1326 3034 1535 3091; x_wconf 78' lang='lat' dir='ltr'>solibus</span> <span class='ocrx_word' id='word_1_213' title='bbox 1562 3034 1747 3106; x_wconf 82' lang='lat' dir='ltr'>arctis,</span> 
     </span>
    </p>
   </div>
  </div>
 </body>
</html>
