2079 3613
450 379 561 418 *21
630 338 1158 425 ‘Aonias-mos»,
1208 361 1368 427 mn„
1401 363 1521 411 111.
1618 328 1766 421 ,405⁸

258 460 433 511 Lerna
458 474 653 530 graves
671 455 905 532 clypeos
921 457 1074 511 caesis
1095 454 1297 511 vestire
1309 457 1591 530 juvencis:

256 538 368 591 Dat
389 536 536 592 bello
550 540 770 613 pedites
795 539 983 595 Etolus
1002 579 1019 608 ‚
1045 551 1102 595 et
1128 558 1294 614 asper
1310 540 1601 618 Acarnan:

257 622 439 695 Argos
465 622 576 696 agit
602 635 829 681 turmas.
859 624 1193 680 Vacuantur
1216 641 1420 697 pascua
1448 622 1579 680 ditis

257 705 502 760 Arcadiae
532 727 545 763 t
574 708 755 771 frenat
781 704 993 762 celeres
1018 700 1224 783 Epiros
1244 706 1495 764 alumnos
1526 729 1540 765 ε

254 787 485 859 Phocis,
512 802 570 845 et
596 789 791 846 Aoniae
813 789 1007 864 jaculis
1030 789 1306 845 rarescitis
1324 789 1564 847 umbrae:

255 873 549 927 Murorum
575 885 848 928 tormenta
870 871 1014 929 Pilos
1036 876 1400 950 Messenaque
1429 873 1674 930 tradunt.

256 955 421 1011 Nulla
446 956 707 1011 immunis
732 956 953 1012 humus.
982 957 1274 1013 Velluntur
1301 958 1555 1031 postibus
1575 959 1700 1016 altis

256 1040 428 1096 Arma
454 1039 586 1095 olim
611 1039 834 1094 dimissa
859 1053 1124 1116 patrum,
1149 1042 1492 1116 flammisque

464 1124 782 1198 liquescunt

234 1210 418 1263 *Dona
444 1210 659 1264 Deum:
677 1220 899 1283 raptum
926 1209 1158 1285 Superis
1184 1212 1337 1266 Mars
1364 1172 1565 1265 efferat

467 1314 686 1349 aurum.

259 1381 548 1456 Nusquam
571 1381 777 1437 umbrae
802 1394 1065 1439 veteres.
1094 1382 1276 1438 minor
1294 1337 1544 1459 Otlirys,
1570 1394 1632 1438 et

469 1467 643 1522 ardua
676 1466 865 1523 sidunt

253 1553 544 1628 Taygeta·
575 1553 730 1609 exuti
752 1553 1018 1609 viderunt
1044 1573 1168 1610 aera
1193 1565 1429 1609 montes,

253 1639 289 1692 J
293 1657 381 1691 am
406 1651 563 1693 natat
580 1657 741 1693 omne
768 1655 992 1707 nemus;
1018 1636 1305 1691 caeduntur
1331 1635 1534 1691 robora
1552 1636 1748 1696 classi:

254 1720 403 1776 Silva
430 1724 610 1776 minor
638 1723 829 1791 remis3
854 1724 1067 1777 serrum
1092 1721 1315 1778 laxatur
1340 1720 1413 1775 ad
1436 1740 1566 1776 usus

254 1804 622 1868 Innumeros:
651 1805 806 1880 quod
823 1818 1000 1861 rostra
1012 1805 1149 1881 liget
1165 1847 1183 1876 ,
1209 1804 1365 1882 quod
1383 1805 1600 1861 muniat

465 1911 644 1959 arma,

251 1975 551 2055 Belligeros
575 1978 725 2052 quod
751 1979 932 2034 frenet
959 1957 1133 2053 equos
1151 2015 1169 2048 ,
1197 1974 1354 2051 quod
1379 1974 1531 2032 mille

482 2063 694 2119 catenis

252 2149 599 2224 Squallentcs
623 2160 813 2205 nectat
836 2149 1080 2220 tunicas,
1105 2146 1257 2268 quod
1284 2147 1551 2222 sanguine

360 2288 364 2300 ,
475 2233 506 2287 s
506 2246 654 2289 umet
689 2275 708 2303 ‚

252 2317 465 2375 Vulnei
459 2339 609 2397 aque
630 2321 740 2376 alta
755 2319 932 2390 bibat,
954 2318 1125 2397 quod,
1138 2318 1492 2394 conspirante
1504 2338 1745 2392 veneno,

252 2402 512 2481 Impellat
537 2416 770 2472 mortes;
804 2417 1151 2479 tenuantque
1176 2402 1466 2459 humentia
1491 2421 1625 2456 saxa
1671 2426 1682 2437 ·

253 2491 459 2544 Attritu
476 2529 494 2558 ,
522 2501 578 2544 et
600 2488 771 2564 nigris
796 2486 1009 2543 addunt
1032 2485 1390 2543 mucronibus
1415 2486 1546 2541 iras,

254 2576 372 2628 Nec
398 2573 595 2629 modus
610 2612 628 2640 ‚
656 2585 752 2627 aut
777 2590 939 2627 arcus
963 2573 1178 2629 lentare
1197 2610 1216 2640 ‚
1238 2581 1332 2625 aut
1356 2569 1596 2625 fundere

468 2657 700 2734 glandes
728 2697 746 2726 ,
1245 2674 1249 2677 ⁴

254 2745 372 2800 Aut
395 2755 608 2812 torrere
627 2740 793 2800 sudes
811 2783 829 2812 ‚
852 2742 1145 2817 galeasque
1171 2736 1427 2794 attollere
1455 2735 1630 2793 conis.

327 2829 444 2884 Hos
470 2827 616 2884 inter
640 2839 825 2886 motus
845 2826 1062 2901 pigram
1091 2822 1265 2899 gemit
1289 2821 1661 2897 ora-quietem

254 2913 534 2971 Thessalis
550 2954 568 2984 ,
590 2925 646 2968 et
672 2912 899 2988 geminis
924 2912 1142 2967 incusat
1165 2912 1279 2967 fata
1298 2906 1560 2985 quereli5‚
1609 2932 1620 2964 f

257 2997 424 3070 Quod
445 2996 835 3055 senior-Peleus
851 3035 870 3069 ,
888 3015 993 3058 nec
1014 2995 1203 3055 adhuc
1221 3006 1473 3051 maturus

479 3080 744 3144 Achilles,
758 3075 773 3086 ’
