<?xml version="1.0" encoding="UTF-8"?>
<!DOCTYPE html PUBLIC "-//W3C//DTD XHTML 1.0 Transitional//EN"
    "http://www.w3.org/TR/xhtml1/DTD/xhtml1-transitional.dtd">
<html xmlns="http://www.w3.org/1999/xhtml" xml:lang="en" lang="en">
 <head>
  <title>
</title>
<meta http-equiv="Content-Type" content="text/html;charset=utf-8" />
  <meta name='ocr-system' content='tesseract 3.04.00' />
  <meta name='ocr-capabilities' content='ocr_page ocr_carea ocr_par ocr_line ocrx_word'/>
</head>
<body>
  <div class='ocr_page' id='page_1' title='image "./operaadoptimeed00statgoog/operaadoptimeed00statgoog_0348.png"; bbox 0 0 2079 3613; ppageno 0'>
   <div class='ocr_carea' id='block_1_1' title="bbox 296 234 1640 305">
    <p class='ocr_par' dir='ltr' id='par_1_1' title="bbox 296 234 1640 305">
     <span class='ocr_line' id='line_1_1' title="bbox 296 234 1640 305; baseline -0.003 -12"><span class='ocrx_word' id='word_1_1' title='bbox 296 234 425 294; x_wconf 83' lang='lat'><strong>320</strong></span> <span class='ocrx_word' id='word_1_2' title='bbox 473 296 477 299; x_wconf 12' lang='grc' dir='ltr'><em>Α</em></span> <span class='ocrx_word' id='word_1_3' title='bbox 562 240 1005 305; x_wconf 65' lang='lat' dir='ltr'><strong>mmmmm,</strong></span> <span class='ocrx_word' id='word_1_4' title='bbox 1056 242 1199 290; x_wconf 77' lang='lat' dir='ltr'><strong>Lm.</strong></span> <span class='ocrx_word' id='word_1_5' title='bbox 1249 245 1355 290; x_wconf 83' lang='lat' dir='ltr'><strong>x1.</strong></span> <span class='ocrx_word' id='word_1_6' title='bbox 1500 256 1567 295; x_wconf 68' lang='grc' dir='ltr'><strong>αι</strong></span> <span class='ocrx_word' id='word_1_7' title='bbox 1637 286 1640 289; x_wconf 78' lang='grc'>,</span> 
     </span>
    </p>
   </div>
   <div class='ocr_carea' id='block_1_2' title="bbox 286 335 1795 3019">
    <p class='ocr_par' dir='ltr' id='par_1_2' title="bbox 286 335 1795 1004">
     <span class='ocr_line' id='line_1_2' title="bbox 368 335 1750 413; baseline -0.001 -20"><span class='ocrx_word' id='word_1_8' title='bbox 368 340 447 393; x_wconf 75' lang='lat' dir='ltr'><strong>At</strong></span> <span class='ocrx_word' id='word_1_9' title='bbox 465 355 600 413; x_wconf 85' lang='lat' dir='ltr'><strong>vaga</strong></span> <span class='ocrx_word' id='word_1_10' title='bbox 619 338 880 413; x_wconf 82' lang='lat' dir='ltr'><strong>palantes</strong></span> <span class='ocrx_word' id='word_1_11' title='bbox 903 356 1102 412; x_wconf 88' lang='lat' dir='ltr'><strong>campo</strong></span> <span class='ocrx_word' id='word_1_12' title='bbox 1134 338 1263 413; x_wconf 82' lang='lat' dir='ltr'><strong>fuga</strong></span> <span class='ocrx_word' id='word_1_13' title='bbox 1281 335 1459 395; x_wconf 84' lang='lat' dir='ltr'><strong>volvit</strong></span> <span class='ocrx_word' id='word_1_14' title='bbox 1477 336 1750 394; x_wconf 80' lang='lat' dir='ltr'><strong>Achivos,</strong></span> 
     </span>
     <span class='ocr_line' id='line_1_3' title="bbox 288 420 1759 497; baseline 0 -20"><span class='ocrx_word' id='word_1_15' title='bbox 288 425 404 478; x_wconf 91' lang='lat' dir='ltr'><strong>Nec</strong></span> <span class='ocrx_word' id='word_1_16' title='bbox 426 424 536 497; x_wconf 87' lang='lat' dir='ltr'><strong>jam</strong></span> <span class='ocrx_word' id='word_1_17' title='bbox 559 435 652 478; x_wconf 82' lang='lat' dir='ltr'><strong>aut</strong></span> <span class='ocrx_word' id='word_1_18' title='bbox 677 420 910 478; x_wconf 86' lang='lat' dir='ltr'><strong>hostiles</strong></span> <span class='ocrx_word' id='word_1_19' title='bbox 935 434 1157 490; x_wconf 79' lang='lat' dir='ltr'><strong>turmae,</strong></span> <span class='ocrx_word' id='word_1_20' title='bbox 1189 422 1471 479; x_wconf 82' lang='lat' dir='ltr'><strong>ferrumve</strong></span> <span class='ocrx_word' id='word_1_21' title='bbox 1497 421 1759 477; x_wconf 84' lang='lat' dir='ltr'><strong>timetur:</strong></span> 
     </span>
     <span class='ocr_line' id='line_1_4' title="bbox 290 504 1790 564; baseline -0.003 0"><span class='ocrx_word' id='word_1_22' title='bbox 290 507 563 564; x_wconf 86' lang='lat' dir='ltr'>Omnibus</span> <span class='ocrx_word' id='word_1_23' title='bbox 584 518 711 562; x_wconf 86' lang='lat' dir='ltr'><strong>ante</strong></span> <span class='ocrx_word' id='word_1_24' title='bbox 740 505 931 561; x_wconf 86' lang='lat' dir='ltr'><strong>oculos</strong></span> <span class='ocrx_word' id='word_1_25' title='bbox 955 504 1050 559; x_wconf 85' lang='lat' dir='ltr'><strong>irae</strong></span> <span class='ocrx_word' id='word_1_26' title='bbox 1073 504 1227 562; x_wconf 82' lang='lat' dir='ltr'><strong>Jovis</strong></span> <span class='ocrx_word' id='word_1_27' title='bbox 1254 523 1268 560; x_wconf 71' lang='grc' dir='ltr'>ι</span> <span class='ocrx_word' id='word_1_28' title='bbox 1294 504 1548 562; x_wconf 91' lang='lat' dir='ltr'><strong>omnibus</strong></span> <span class='ocrx_word' id='word_1_29' title='bbox 1588 506 1790 561; x_wconf 83' lang='lat' dir='ltr'>ardent</span> 
     </span>
     <span class='ocr_line' id='line_1_5' title="bbox 287 588 1795 666; baseline -0.003 -18"><span class='ocrx_word' id='word_1_30' title='bbox 287 594 453 648; x_wconf 84' lang='lat' dir='ltr'><strong>Arma</strong></span> <span class='ocrx_word' id='word_1_31' title='bbox 475 603 654 659; x_wconf 88' lang='lat' dir='ltr'><strong>metu,</strong></span> <span class='ocrx_word' id='word_1_32' title='bbox 679 588 958 666; x_wconf 70' lang='lat' dir='ltr'><strong>galeaeque</strong></span> <span class='ocrx_word' id='word_1_33' title='bbox 981 601 1208 658; x_wconf 85' lang='lat' dir='ltr'><strong>tonant,</strong></span> <span class='ocrx_word' id='word_1_34' title='bbox 1238 590 1500 665; x_wconf 85' lang='lat' dir='ltr'><strong>visusque</strong></span> <span class='ocrx_word' id='word_1_35' title='bbox 1521 601 1795 664; x_wconf 85' lang='lat' dir='ltr'><strong>paventes</strong></span> 
     </span>
     <span class='ocr_line' id='line_1_6' title="bbox 286 672 1787 750; baseline -0.002 -19"><span class='ocrx_word' id='word_1_36' title='bbox 286 677 420 750; x_wconf 88' lang='lat' dir='ltr'><strong>Ipse</strong></span> <span class='ocrx_word' id='word_1_37' title='bbox 447 674 637 749; x_wconf 87' lang='lat' dir='ltr'><strong>sequi,</strong></span> <span class='ocrx_word' id='word_1_38' title='bbox 669 685 726 728; x_wconf 90' lang='lat' dir='ltr'><strong>et</strong></span> <span class='ocrx_word' id='word_1_39' title='bbox 749 673 1003 748; x_wconf 81' lang='lat' dir='ltr'><strong>profugis</strong></span> <span class='ocrx_word' id='word_1_40' title='bbox 1020 692 1310 749; x_wconf 85' lang='lat' dir='ltr'><strong>opponere</strong></span> <span class='ocrx_word' id='word_1_41' title='bbox 1331 675 1367 729; x_wconf 88' lang='lat' dir='ltr'><strong>J</strong></span> <span class='ocrx_word' id='word_1_42' title='bbox 1372 674 1595 749; x_wconf 86' lang='lat' dir='ltr'><strong>uppiter</strong></span> <span class='ocrx_word' id='word_1_43' title='bbox 1613 672 1787 750; x_wconf 81' lang='lat' dir='ltr'><strong>ignes.</strong></span> 
     </span>
     <span class='ocr_line' id='line_1_7' title="bbox 288 751 1571 834; baseline -0.002 -19"><span class='ocrx_word' id='word_1_44' title='bbox 288 762 470 815; x_wconf 89' lang='lat' dir='ltr'><strong>Instat</strong></span> <span class='ocrx_word' id='word_1_45' title='bbox 496 763 816 834; x_wconf 83' lang='lat' dir='ltr'><strong>Agenoreus</strong></span> <span class='ocrx_word' id='word_1_46' title='bbox 840 757 999 813; x_wconf 86' lang='lat' dir='ltr'><strong>miles</strong></span> <span class='ocrx_word' id='word_1_47' title='bbox 1018 797 1034 826; x_wconf 87' lang='lat'>‚</span> <span class='ocrx_word' id='word_1_48' title='bbox 1066 751 1303 833; x_wconf 75' lang='lat' dir='ltr'><strong>coesique</strong></span> <span class='ocrx_word' id='word_1_49' title='bbox 1330 758 1571 814; x_wconf 84' lang='lat' dir='ltr'><strong>tumultu</strong></span> 
     </span>
     <span class='ocr_line' id='line_1_8' title="bbox 289 839 1679 918; baseline -0.002 -19"><span class='ocrx_word' id='word_1_50' title='bbox 289 845 512 912; x_wconf 86' lang='lat' dir='ltr'><strong>Utitur,</strong></span> <span class='ocrx_word' id='word_1_51' title='bbox 540 839 846 898; x_wconf 65' lang='lat' dir='ltr'><strong>indomitos</strong></span> <span class='ocrx_word' id='word_1_52' title='bbox 873 856 936 898; x_wconf 89' lang='lat' dir='ltr'><strong>ut</strong></span> <span class='ocrx_word' id='word_1_53' title='bbox 963 862 1091 897; x_wconf 85' lang='lat' dir='ltr'><strong>cum</strong></span> <span class='ocrx_word' id='word_1_54' title='bbox 1116 842 1356 917; x_wconf 83' lang='lat' dir='ltr'><strong>Massyla</strong></span> <span class='ocrx_word' id='word_1_55' title='bbox 1382 862 1486 918; x_wconf 90' lang='lat' dir='ltr'><strong>per</strong></span> <span class='ocrx_word' id='word_1_56' title='bbox 1511 862 1639 900; x_wconf 82' lang='lat' dir='ltr'><strong>arva</strong></span> <span class='ocrx_word' id='word_1_57' title='bbox 1661 883 1679 910; x_wconf 88' lang='lat'>‚</span> 
     </span>
     <span class='ocr_line' id='line_1_9' title="bbox 289 915 1463 1004; baseline -0.003 -19"><span class='ocrx_word' id='word_1_58' title='bbox 289 915 538 985; x_wconf 66' lang='lat' dir='ltr'><strong>Armenti</strong></span> <span class='ocrx_word' id='word_1_59' title='bbox 561 947 719 1004; x_wconf 87' lang='lat' dir='ltr'><strong>reges</strong></span> <span class='ocrx_word' id='word_1_60' title='bbox 744 947 945 1004; x_wconf 86' lang='lat' dir='ltr'><strong>magno</strong></span> <span class='ocrx_word' id='word_1_61' title='bbox 967 926 1058 982; x_wconf 93' lang='lat' dir='ltr'><strong>leo</strong></span> <span class='ocrx_word' id='word_1_62' title='bbox 1087 926 1250 1003; x_wconf 88' lang='lat' dir='ltr'><strong>fregit</strong></span> <span class='ocrx_word' id='word_1_63' title='bbox 1277 926 1463 994; x_wconf 77' lang='lat' dir='ltr'><strong>biam,</strong></span> 
     </span>
    </p>

    <p class='ocr_par' dir='ltr' id='par_1_3' title="bbox 287 1010 1641 1080">
     <span class='ocr_line' id='line_1_10' title="bbox 287 1010 1641 1080; baseline -0.002 -12"><span class='ocrx_word' id='word_1_64' title='bbox 287 1014 361 1068; x_wconf 86' lang='lat' dir='ltr'><strong>Et</strong></span> <span class='ocrx_word' id='word_1_65' title='bbox 380 1022 671 1068; x_wconf 85' lang='lat' dir='ltr'><strong>contentus</strong></span> <span class='ocrx_word' id='word_1_66' title='bbox 699 1011 815 1068; x_wconf 88' lang='lat' dir='ltr'><strong>abit</strong></span> <span class='ocrx_word' id='word_1_67' title='bbox 839 1029 851 1065; x_wconf 71' lang='grc' dir='ltr'><strong>ε</strong></span> <span class='ocrx_word' id='word_1_68' title='bbox 877 1011 1030 1067; x_wconf 88' lang='lat' dir='ltr'><strong>rauci</strong></span> <span class='ocrx_word' id='word_1_69' title='bbox 1059 1023 1193 1066; x_wconf 89' lang='lat' dir='ltr'><strong>tunc</strong></span> <span class='ocrx_word' id='word_1_70' title='bbox 1216 1012 1470 1066; x_wconf 88' lang='lat' dir='ltr'><strong>cominus</strong></span> <span class='ocrx_word' id='word_1_71' title='bbox 1493 1010 1641 1080; x_wconf 83' lang='lat' dir='ltr'><strong>ursi,</strong></span> 
     </span>
    </p>

    <p class='ocr_par' dir='ltr' id='par_1_4' title="bbox 292 1096 1618 1173">
     <span class='ocr_line' id='line_1_11' title="bbox 292 1096 1618 1173; baseline -0.002 -19"><span class='ocrx_word' id='word_1_72' title='bbox 292 1099 450 1154; x_wconf 88' lang='lat' dir='ltr'><strong>Tunc</strong></span> <span class='ocrx_word' id='word_1_73' title='bbox 480 1096 631 1155; x_wconf 88' lang='lat' dir='ltr'><strong>avidi</strong></span> <span class='ocrx_word' id='word_1_74' title='bbox 655 1117 860 1155; x_wconf 89' lang='lat' dir='ltr'><strong>venere</strong></span> <span class='ocrx_word' id='word_1_75' title='bbox 886 1096 1038 1173; x_wconf 80' lang='lat' dir='ltr'><strong>lupi,</strong></span> <span class='ocrx_word' id='word_1_76' title='bbox 1067 1096 1330 1171; x_wconf 86' lang='lat' dir='ltr'><strong>rabieque</strong></span> <span class='ocrx_word' id='word_1_77' title='bbox 1356 1096 1584 1152; x_wconf 86' lang='lat' dir='ltr'><strong>remissa</strong></span> <span class='ocrx_word' id='word_1_78' title='bbox 1600 1139 1618 1164; x_wconf 91' lang='lat'>,</span> 
     </span>
    </p>

    <p class='ocr_par' dir='ltr' id='par_1_5' title="bbox 289 1178 1616 1257">
     <span class='ocr_line' id='line_1_12' title="bbox 289 1178 1616 1257; baseline 0 -22"><span class='ocrx_word' id='word_1_79' title='bbox 289 1180 576 1236; x_wconf 87' lang='lat' dir='ltr'><strong>Lambunt</strong></span> <span class='ocrx_word' id='word_1_80' title='bbox 602 1181 901 1257; x_wconf 86' lang='lat' dir='ltr'>degeneres</span> <span class='ocrx_word' id='word_1_81' title='bbox 923 1181 1113 1235; x_wconf 85' lang='lat' dir='ltr'><strong>alienae</strong></span> <span class='ocrx_word' id='word_1_82' title='bbox 1138 1178 1370 1236; x_wconf 87' lang='lat' dir='ltr'><strong>vulnera</strong></span> <span class='ocrx_word' id='word_1_83' title='bbox 1396 1180 1616 1255; x_wconf 81' lang='lat' dir='ltr'><strong>praedae.</strong></span> 
     </span>
    </p>

    <p class='ocr_par' dir='ltr' id='par_1_6' title="bbox 290 1262 1759 1417">
     <span class='ocr_line' id='line_1_13' title="bbox 290 1262 1759 1341; baseline -0.001 -22"><span class='ocrx_word' id='word_1_84' title='bbox 290 1291 294 1295; x_wconf 96' lang='lat'><em>·</em></span> <span class='ocrx_word' id='word_1_85' title='bbox 361 1266 508 1320; x_wconf 89' lang='lat' dir='ltr'><strong>Hinc</strong></span> <span class='ocrx_word' id='word_1_86' title='bbox 535 1265 740 1338; x_wconf 83' lang='lat' dir='ltr'>premit</span> <span class='ocrx_word' id='word_1_87' title='bbox 761 1266 1118 1341; x_wconf 81' lang='lat' dir='ltr'><strong>Eurymedon</strong></span> <span class='ocrx_word' id='word_1_88' title='bbox 1135 1306 1154 1331; x_wconf 89' lang='lat'><em>,</em></span> <span class='ocrx_word' id='word_1_89' title='bbox 1181 1262 1273 1318; x_wconf 90' lang='lat' dir='ltr'><strong>cui</strong></span> <span class='ocrx_word' id='word_1_90' title='bbox 1296 1263 1538 1320; x_wconf 85' lang='lat' dir='ltr'><strong>rusticus</strong></span> <span class='ocrx_word' id='word_1_91' title='bbox 1555 1263 1759 1319; x_wconf 86' lang='lat' dir='ltr'><strong>horror</strong></span> 
     </span>
     <span class='ocr_line' id='line_1_14' title="bbox 501 1367 778 1417; baseline 0 -16"><span class='ocrx_word' id='word_1_92' title='bbox 501 1368 560 1401; x_wconf 76' lang='grc' dir='ltr'><strong>ιιι</strong></span> <span class='ocrx_word' id='word_1_93' title='bbox 586 1367 778 1417; x_wconf 74' lang='lat' dir='ltr'><strong>armis,</strong></span> 
     </span>
    </p>

    <p class='ocr_par' dir='ltr' id='par_1_7' title="bbox 287 1428 1506 1573">
     <span class='ocr_line' id='line_1_15' title="bbox 287 1428 1506 1506; baseline -0.003 -17"><span class='ocrx_word' id='word_1_94' title='bbox 287 1432 518 1489; x_wconf 86' lang='lat' dir='ltr'><strong>Rustica</strong></span> <span class='ocrx_word' id='word_1_95' title='bbox 546 1428 652 1486; x_wconf 85' lang='lat' dir='ltr'><strong>tela</strong></span> <span class='ocrx_word' id='word_1_96' title='bbox 675 1450 845 1484; x_wconf 86' lang='lat' dir='ltr'><strong>manu</strong></span> <span class='ocrx_word' id='word_1_97' title='bbox 866 1472 885 1497; x_wconf 89' lang='lat'><em>,</em></span> <span class='ocrx_word' id='word_1_98' title='bbox 911 1429 1270 1505; x_wconf 88' lang='lat' dir='ltr'><strong>patriumque</strong></span> <span class='ocrx_word' id='word_1_99' title='bbox 1297 1431 1506 1506; x_wconf 85' lang='lat' dir='ltr'><strong>agitare</strong></span> 
     </span>
     <span class='ocr_line' id='line_1_16' title="bbox 506 1515 825 1573; baseline -0.009 0"><span class='ocrx_word' id='word_1_100' title='bbox 506 1515 825 1573; x_wconf 87' lang='lat' dir='ltr'><strong>tumultum.</strong></span> 
     </span>
    </p>

    <p class='ocr_par' dir='ltr' id='par_1_8' title="bbox 286 1598 1669 1676">
     <span class='ocr_line' id='line_1_17' title="bbox 286 1598 1669 1676; baseline -0.001 -18"><span class='ocrx_word' id='word_1_101' title='bbox 286 1603 401 1658; x_wconf 88' lang='lat' dir='ltr'><strong>Pan</strong></span> <span class='ocrx_word' id='word_1_102' title='bbox 433 1600 510 1656; x_wconf 92' lang='lat' dir='ltr'><strong>illi</strong></span> <span class='ocrx_word' id='word_1_103' title='bbox 541 1600 759 1676; x_wconf 86' lang='lat' dir='ltr'><strong>genitor</strong></span> <span class='ocrx_word' id='word_1_104' title='bbox 787 1619 801 1655; x_wconf 74' lang='grc' dir='ltr'>ε</span> <span class='ocrx_word' id='word_1_105' title='bbox 834 1613 994 1657; x_wconf 88' lang='lat' dir='ltr'><strong>tener</strong></span> <span class='ocrx_word' id='word_1_106' title='bbox 1018 1598 1158 1657; x_wconf 89' lang='lat' dir='ltr'><strong>hinc</strong></span> <span class='ocrx_word' id='word_1_107' title='bbox 1182 1600 1471 1657; x_wconf 88' lang='lat' dir='ltr'><strong>conatibus</strong></span> <span class='ocrx_word' id='word_1_108' title='bbox 1496 1620 1669 1656; x_wconf 91' lang='lat' dir='ltr'><strong>annos</strong></span> 
     </span>
    </p>

    <p class='ocr_par' dir='ltr' id='par_1_9' title="bbox 289 1685 1683 1829">
     <span class='ocr_line' id='line_1_18' title="bbox 289 1685 1683 1765; baseline 0.001 -24"><span class='ocrx_word' id='word_1_109' title='bbox 289 1685 625 1765; x_wconf 79' lang='lat' dir='ltr'><strong>Egreditur,</strong></span> <span class='ocrx_word' id='word_1_110' title='bbox 659 1686 1023 1760; x_wconf 75' lang='lat' dir='ltr'><strong>juvenemque</strong></span> <span class='ocrx_word' id='word_1_111' title='bbox 1053 1696 1271 1763; x_wconf 89' lang='lat' dir='ltr'><strong>patrem</strong></span> <span class='ocrx_word' id='word_1_112' title='bbox 1296 1705 1440 1761; x_wconf 88' lang='lat' dir='ltr'><strong>puer</strong></span> <span class='ocrx_word' id='word_1_113' title='bbox 1465 1698 1644 1760; x_wconf 84' lang='lat' dir='ltr'><strong>aequat</strong></span> <span class='ocrx_word' id='word_1_114' title='bbox 1678 1711 1683 1714; x_wconf 88' lang='grc'><strong><em>·</em></strong></span> 
     </span>
     <span class='ocr_line' id='line_1_19' title="bbox 509 1769 779 1829; baseline 0.011 -3"><span class='ocrx_word' id='word_1_115' title='bbox 509 1769 779 1829; x_wconf 72' lang='lat' dir='ltr'><strong>Alatreus-</strong></span> 
     </span>
    </p>

    <p class='ocr_par' dir='ltr' id='par_1_10' title="bbox 286 1856 1326 1928">
     <span class='ocr_line' id='line_1_20' title="bbox 286 1856 1326 1928; baseline 0.001 -15"><span class='ocrx_word' id='word_1_116' title='bbox 286 1857 496 1913; x_wconf 87' lang='lat' dir='ltr'><strong>Felices</strong></span> <span class='ocrx_word' id='word_1_117' title='bbox 519 1858 682 1914; x_wconf 88' lang='lat' dir='ltr'><strong>ambo</strong></span> <span class='ocrx_word' id='word_1_118' title='bbox 701 1900 719 1928; x_wconf 84' lang='lat'>‚</span> <span class='ocrx_word' id='word_1_119' title='bbox 749 1857 846 1914; x_wconf 90' lang='lat' dir='ltr'><strong>sed</strong></span> <span class='ocrx_word' id='word_1_120' title='bbox 874 1857 1212 1915; x_wconf 82' lang='lat' dir='ltr'><strong>fortunatior</strong></span> <span class='ocrx_word' id='word_1_121' title='bbox 1234 1856 1326 1914; x_wconf 87' lang='lat' dir='ltr'><strong>ille</strong></span> 
     </span>
    </p>

    <p class='ocr_par' dir='ltr' id='par_1_11' title="bbox 290 1943 1599 2104">
     <span class='ocr_line' id='line_1_21' title="bbox 290 1943 1599 2021; baseline 0.002 -23"><span class='ocrx_word' id='word_1_122' title='bbox 290 1947 472 2018; x_wconf 87' lang='lat' dir='ltr'><strong>Quem</strong></span> <span class='ocrx_word' id='word_1_123' title='bbox 499 1946 752 2021; x_wconf 85' lang='lat' dir='ltr'><strong>genuisse</strong></span> <span class='ocrx_word' id='word_1_124' title='bbox 779 1946 969 2018; x_wconf 85' lang='lat' dir='ltr'><strong>juvat,</strong></span> <span class='ocrx_word' id='word_1_125' title='bbox 1004 1964 1113 1999; x_wconf 90' lang='lat' dir='ltr'><strong>nec</strong></span> <span class='ocrx_word' id='word_1_126' title='bbox 1133 1945 1248 2019; x_wconf 87' lang='lat' dir='ltr'><strong>jam</strong></span> <span class='ocrx_word' id='word_1_127' title='bbox 1276 1943 1599 2019; x_wconf 85' lang='lat' dir='ltr'><strong>dignoscere</strong></span> 
     </span>
     <span class='ocr_line' id='line_1_22' title="bbox 511 2042 870 2104; baseline -0.003 -21"><span class='ocrx_word' id='word_1_128' title='bbox 511 2042 834 2104; x_wconf 87' lang='lat' dir='ltr'><strong>promptum</strong></span> <span class='ocrx_word' id='word_1_129' title='bbox 854 2071 870 2093; x_wconf 93' lang='lat'><em>‚</em></span> 
     </span>
    </p>

    <p class='ocr_par' dir='ltr' id='par_1_12' title="bbox 292 2109 1651 2254">
     <span class='ocr_line' id='line_1_23' title="bbox 292 2109 1651 2187; baseline -0.001 -18"><span class='ocrx_word' id='word_1_130' title='bbox 292 2118 427 2186; x_wconf 84' lang='lat' dir='ltr'><strong>Quae</strong></span> <span class='ocrx_word' id='word_1_131' title='bbox 453 2115 627 2187; x_wconf 84' lang='lat' dir='ltr'><strong>magis</strong></span> <span class='ocrx_word' id='word_1_132' title='bbox 653 2133 804 2169; x_wconf 89' lang='lat' dir='ltr'><strong>arma</strong></span> <span class='ocrx_word' id='word_1_133' title='bbox 830 2123 1060 2180; x_wconf 88' lang='lat' dir='ltr'><strong>sonent,</strong></span> <span class='ocrx_word' id='word_1_134' title='bbox 1090 2132 1200 2186; x_wconf 93' lang='lat' dir='ltr'><strong>quo</strong></span> <span class='ocrx_word' id='word_1_135' title='bbox 1227 2109 1353 2187; x_wconf 91' lang='lat' dir='ltr'><strong>plus</strong></span> <span class='ocrx_word' id='word_1_136' title='bbox 1382 2125 1467 2168; x_wconf 88' lang='lat' dir='ltr'><strong>eat</strong></span> <span class='ocrx_word' id='word_1_137' title='bbox 1497 2112 1651 2170; x_wconf 87' lang='lat' dir='ltr'><strong>hasta</strong></span> 
     </span>
     <span class='ocr_line' id='line_1_24' title="bbox 515 2197 746 2254; baseline 0.009 -2"><span class='ocrx_word' id='word_1_138' title='bbox 515 2197 746 2254; x_wconf 77' lang='lat' dir='ltr'><strong>lacertO.</strong></span> 
     </span>
    </p>

    <p class='ocr_par' dir='ltr' id='par_1_13' title="bbox 362 2279 1701 2355">
     <span class='ocr_line' id='line_1_25' title="bbox 362 2279 1701 2355; baseline 0.004 -18"><span class='ocrx_word' id='word_1_139' title='bbox 362 2288 630 2338; x_wconf 84' lang='lat' dir='ltr'><strong>Arctatur</strong></span> <span class='ocrx_word' id='word_1_140' title='bbox 656 2281 829 2336; x_wconf 86' lang='lat' dir='ltr'><strong>denso</strong></span> <span class='ocrx_word' id='word_1_141' title='bbox 856 2279 1167 2355; x_wconf 86' lang='lat' dir='ltr'><strong>fugientum</strong></span> <span class='ocrx_word' id='word_1_142' title='bbox 1195 2282 1449 2338; x_wconf 81' lang='lat' dir='ltr'><strong>examine</strong></span> <span class='ocrx_word' id='word_1_143' title='bbox 1477 2283 1701 2343; x_wconf 89' lang='lat' dir='ltr'><strong>vallum.</strong></span> 
     </span>
    </p>

    <p class='ocr_par' dir='ltr' id='par_1_14' title="bbox 363 2365 1710 2440">
     <span class='ocr_line' id='line_1_26' title="bbox 363 2365 1710 2440; baseline 0.003 -19"><span class='ocrx_word' id='word_1_144' title='bbox 363 2370 515 2440; x_wconf 83' lang='lat' dir='ltr'><strong>Quas</strong></span> <span class='ocrx_word' id='word_1_145' title='bbox 541 2366 724 2424; x_wconf 74' lang='lat' dir='ltr'><strong>volvis</strong></span> <span class='ocrx_word' id='word_1_146' title='bbox 745 2407 761 2435; x_wconf 85' lang='lat'>‚</span> <span class='ocrx_word' id='word_1_147' title='bbox 790 2365 1038 2424; x_wconf 88' lang='lat' dir='ltr'><strong>Gradive</strong></span> <span class='ocrx_word' id='word_1_148' title='bbox 1060 2407 1076 2436; x_wconf 89' lang='lat'><strong>.,</strong></span> <span class='ocrx_word' id='word_1_149' title='bbox 1106 2367 1288 2427; x_wconf 81' lang='lat' dir='ltr'><strong>vices!</strong></span> <span class='ocrx_word' id='word_1_150' title='bbox 1321 2371 1485 2423; x_wconf 87' lang='lat' dir='ltr'><strong>modo</strong></span> <span class='ocrx_word' id='word_1_151' title='bbox 1512 2369 1710 2425; x_wconf 82' lang='lat' dir='ltr'><strong>moenia</strong></span> 
     </span>
    </p>

    <p class='ocr_par' dir='ltr' id='par_1_15' title="bbox 291 2452 1794 3019">
     <span class='ocr_line' id='line_1_27' title="bbox 403 2452 703 2507; baseline -0.003 0"><span class='ocrx_word' id='word_1_152' title='bbox 403 2492 410 2498; x_wconf 78' lang='lat'><em>,</em></span> <span class='ocrx_word' id='word_1_153' title='bbox 503 2452 703 2507; x_wconf 87' lang='lat' dir='ltr'><strong>Cadmi</strong></span> 
     </span>
     <span class='ocr_line' id='line_1_28' title="bbox 291 2537 1735 2615; baseline -0.003 -17"><span class='ocrx_word' id='word_1_154' title='bbox 291 2538 672 2608; x_wconf 83' lang='lat' dir='ltr'><strong>Scandebant;</strong></span> <span class='ocrx_word' id='word_1_155' title='bbox 698 2557 796 2595; x_wconf 87' lang='lat' dir='ltr'><strong>sua</strong></span> <span class='ocrx_word' id='word_1_156' title='bbox 822 2558 974 2594; x_wconf 88' lang='lat' dir='ltr'><strong>nunc</strong></span> <span class='ocrx_word' id='word_1_157' title='bbox 1001 2537 1305 2596; x_wconf 85' lang='lat' dir='ltr'><strong>defendunt</strong></span> <span class='ocrx_word' id='word_1_158' title='bbox 1330 2551 1480 2595; x_wconf 89' lang='lat' dir='ltr'><strong>tecta</strong></span> <span class='ocrx_word' id='word_1_159' title='bbox 1505 2540 1735 2615; x_wconf 84' lang='lat' dir='ltr'><strong>Pelasgi.</strong></span> 
     </span>
     <span class='ocr_line' id='line_1_29' title="bbox 293 2622 1794 2694; baseline 0 -15"><span class='ocrx_word' id='word_1_160' title='bbox 293 2625 414 2679; x_wconf 88' lang='lat' dir='ltr'><strong>Ceu</strong></span> <span class='ocrx_word' id='word_1_161' title='bbox 442 2623 680 2678; x_wconf 89' lang='lat' dir='ltr'><strong>redeunt</strong></span> <span class='ocrx_word' id='word_1_162' title='bbox 702 2623 879 2678; x_wconf 87' lang='lat' dir='ltr'><strong>nubes</strong></span> <span class='ocrx_word' id='word_1_163' title='bbox 897 2667 912 2694; x_wconf 90' lang='lat'>‚</span> <span class='ocrx_word' id='word_1_164' title='bbox 937 2643 1045 2679; x_wconf 91' lang='lat' dir='ltr'><strong>ceu</strong></span> <span class='ocrx_word' id='word_1_165' title='bbox 1063 2622 1549 2678; x_wconf 83' lang='lat' dir='ltr'><strong>circumstantibus</strong></span> <span class='ocrx_word' id='word_1_166' title='bbox 1570 2624 1794 2682; x_wconf 72' lang='lat' dir='ltr'><strong>Austris</strong></span> 
     </span>
     <span class='ocr_line' id='line_1_30' title="bbox 291 2706 1647 2786; baseline 0 -21"><span class='ocrx_word' id='word_1_167' title='bbox 291 2710 568 2774; x_wconf 79' lang='lat' dir='ltr'><strong>Alternis,</strong></span> <span class='ocrx_word' id='word_1_168' title='bbox 598 2706 917 2786; x_wconf 86' lang='lat' dir='ltr'><strong>procumbit</strong></span> <span class='ocrx_word' id='word_1_169' title='bbox 942 2729 1106 2783; x_wconf 86' lang='lat' dir='ltr'><strong>ager;</strong></span> <span class='ocrx_word' id='word_1_170' title='bbox 1137 2729 1243 2764; x_wconf 86' lang='lat' dir='ltr'><strong>ceu</strong></span> <span class='ocrx_word' id='word_1_171' title='bbox 1256 2711 1476 2784; x_wconf 84' lang='lat' dir='ltr'><strong>gurgite</strong></span> <span class='ocrx_word' id='word_1_172' title='bbox 1503 2730 1647 2765; x_wconf 87' lang='lat' dir='ltr'><strong>cano</strong></span> 
     </span>
     <span class='ocr_line' id='line_1_31' title="bbox 294 2793 1763 2868; baseline 0.003 -19"><span class='ocrx_word' id='word_1_173' title='bbox 294 2795 458 2849; x_wconf 87' lang='lat' dir='ltr'><strong>Nunc</strong></span> <span class='ocrx_word' id='word_1_174' title='bbox 485 2795 686 2868; x_wconf 85' lang='lat' dir='ltr'><strong>retegit</strong></span> <span class='ocrx_word' id='word_1_175' title='bbox 707 2794 921 2849; x_wconf 83' lang='lat' dir='ltr'><strong>bibulas</strong></span> <span class='ocrx_word' id='word_1_176' title='bbox 940 2837 954 2862; x_wconf 89' lang='lat'>‚</span> <span class='ocrx_word' id='word_1_177' title='bbox 983 2812 1133 2847; x_wconf 90' lang='lat' dir='ltr'><strong>nunc</strong></span> <span class='ocrx_word' id='word_1_178' title='bbox 1155 2793 1342 2849; x_wconf 89' lang='lat' dir='ltr'><strong>obruit</strong></span> <span class='ocrx_word' id='word_1_179' title='bbox 1365 2806 1528 2848; x_wconf 84' lang='lat' dir='ltr'><strong>aestus</strong></span> <span class='ocrx_word' id='word_1_180' title='bbox 1549 2810 1763 2854; x_wconf 81' lang='lat' dir='ltr'><strong>arenas.</strong></span> 
     </span>
     <span class='ocr_line' id='line_1_32' title="bbox 368 2876 1632 2951; baseline 0.005 -23"><span class='ocrx_word' id='word_1_181' title='bbox 368 2876 686 2931; x_wconf 80' lang='lat' dir='ltr'><strong>procumbit</strong></span> <span class='ocrx_word' id='word_1_182' title='bbox 713 2877 818 2932; x_wconf 87' lang='lat' dir='ltr'><strong>late</strong></span> <span class='ocrx_word' id='word_1_183' title='bbox 845 2877 1025 2951; x_wconf 86' lang='lat' dir='ltr'><strong>pubes</strong></span> <span class='ocrx_word' id='word_1_184' title='bbox 1052 2876 1353 2949; x_wconf 85' lang='lat' dir='ltr'><strong>Tirynthia</strong></span> <span class='ocrx_word' id='word_1_185' title='bbox 1377 2918 1393 2943; x_wconf 80' lang='lat'>‚</span> <span class='ocrx_word' id='word_1_186' title='bbox 1426 2877 1632 2934; x_wconf 81' lang='lat' dir='ltr'><strong>alumni</strong></span> 
     </span>
     <span class='ocr_line' id='line_1_33' title="bbox 293 2959 1548 3019; baseline 0.002 -3"><span class='ocrx_word' id='word_1_187' title='bbox 293 2959 537 3016; x_wconf 82' lang='lat' dir='ltr'><strong>Exuvias</strong></span> <span class='ocrx_word' id='word_1_188' title='bbox 561 2960 771 3017; x_wconf 86' lang='lat' dir='ltr'><strong>imitata</strong></span> <span class='ocrx_word' id='word_1_189' title='bbox 798 2963 923 3019; x_wconf 80' lang='lat' dir='ltr'><strong>Dei;</strong></span> <span class='ocrx_word' id='word_1_190' title='bbox 954 2965 1107 3016; x_wconf 84' lang='lat' dir='ltr'><strong>Trux</strong></span> <span class='ocrx_word' id='word_1_191' title='bbox 1133 2974 1326 3018; x_wconf 83' lang='lat' dir='ltr'><strong>moeret</strong></span> <span class='ocrx_word' id='word_1_192' title='bbox 1348 2960 1416 3016; x_wconf 86' lang='lat' dir='ltr'><strong>ab</strong></span> <span class='ocrx_word' id='word_1_193' title='bbox 1436 2961 1548 3018; x_wconf 82' lang='lat' dir='ltr'><strong>alto</strong></span> 
     </span>
    </p>
   </div>
  </div>
 </body>
</html>
