2079 3613
212 242 222 247 ’
317 229 451 287 1³60
629 228 1064 294 THEBAIDOS,
1117 231 1260 281 LlB.
1317 233 1423 280 vl.
1516 228 1627 303 4ὸο

307 333 470 389 Stare
491 331 631 389 adeo
655 332 920 385 miserum
946 340 1062 386 est:
1090 340 1334 405 pereunt
1359 329 1594 404 vestigia
1619 322 1770 386 mille

304 419 447 474 Ante
473 417 687 492 fugam,
716 417 1114 490 absentemque
1142 415 1273 471 ferit
1297 413 1483 490 gravis
1510 415 1715 490 ungula

528 521 812 578 campum.

303 586 674 644 Circu'mstant
698 585 829 656 fidi,
856 604 1172 662 nexusque,
1201 596 1258 641 et
1283 597 1428 641 torta
1452 584 1711 660 jubarum

230 727 236 730 ,
302 671 628 750 Expediunt
646 713 662 741 ,
692 671 1030 748 firmantque
1060 670 1302 740 animos,
1330 682 1384 726 et
1408 669 1652 746 plurima

520 768 855 813 monstrant.
1019 768 1024 773 ”

374 840 638 897 Insonuit
657 854 850 897 contra
864 840 1225 916 Tyrrhenum
1245 859 1511 910 murmur,
1539 852 1592 896 et
1613 859 1811 899 omnes

301 923 572 987 Exsiliere
600 923 743 980 loco.
772 929 910 998 Quae
936 936 1154 980 tantum
1178 924 1404 980 carbasa
1423 936 1600 1001 ponto
1619 924 1647 982 ἐ’

302 1014 441 1082 Quae
458 1007 607 1065 bello
627 1009 707 1064 sic
737 1007 847 1065 tela
871 1007 1065 1067 volant
1085 1007 1114 1065 ’Β
1138 1028 1262 1083 quae
1287 1007 1477 1065 nubila
1501 1008 1682 1066 coelo?

300 1091 575 1148 Amnibus
601 1091 871 1168 hybernis
897 1094 1081 1149 minor
1107 1105 1221 1164 est,
1247 1098 1432 1149 minor
1455 1095 1695 1170 impetus

517 1196 632 1253 lgm
655 1197 673 1232 ε

300 1256 536 1318 Tardius
564 1275 711 1320 astra
739 1264 946 1323 cadunt
974 1284 989 1320 z
1018 1266 1403 1342 glomerantur
1433 1264 1646 1325 tardius

522 1348 728 1405 imbres
750 1369 768 1404 ι
1440 1416 1445 1417 ⁷

298 1432 537 1489 Tardius
564 1455 594 1490 e
623 1454 837 1491 summo
862 1437 1172 1494 decurrunt
1195 1435 1418 1492 flumina
1443 1449 1656 1493 monte.

370 1518 613 1573 Emissos
637 1518 830 1577 videre
848 1563 864 1589 ,
892 1532 1059 1596 atque
1087 1539 1368 1597 agnovere
1395 1519 1633 1595 Pelasgi..

292 1603 365 1658 Et
388 1604 500 1678 jam
524 1603 673 1677 rapti
693 1602 896 1672 oculis,
923 1607 1037 1679 jam
1061 1624 1207 1662 caeco
1232 1603 1465 1680 pulvere
1494 1605 1652 1661 mixti

294 1692 422 1744 Una
438 1687 665 1747 innube
681 1689 733 1744 la
741 1701 884 1757 tent,
899 1689 1204 1765 vultusque
1224 1689 1516 1745 umbrante
1540 1688 1794 1760 tumultu,

294 1772 404 1827 Vix
427 1771 575 1830 inter
598 1793 716 1831 sese
741 1773 985 1831 clamore
1010 1787 1067 1831 et
1092 1772 1316 1830 nomine
1343 1787 1605 1832 noscunt.

290 1857 565 1917 Evolv-ere
586 1858 815 1936 globum
831 1880 857 1931 ;.
878 1873 933 1916 et
958 1861 1143 1937 spatio
1167 1879 1279 1936 quo
1305 1861 1545 1938 quisque
1573 1860 1794 1920 valebat

288 1944 519 2003 Diducti
543 1964 557 2000 ε
587 1944 740 2002 delet
767 1946 952 2003 sulcos
975 1946 1179 2003 iterata
1205 1946 1424 2021 priores

289 2031 519 2088 Orbita..
542 2034 709 2086 Nunc
728 2030 883 2087 avidi
907 2051 1089 2106 prono
1110 2033 1239 2108 juga
1259 2045 1489 2111 pectore
1517 2045 1797 2111 tangunt,

283 2120 482 2188 Nunc,
510 2130 794 2193 pugnante
826 2136 1009 2192 genu,
1037 2119 1246 2195 pressis
1282 2118 1641 2196 duplicantur

507 2198 746 2255 habenis
770 2218 784 2254 ε

293 2283 451 2341 Colla
471 2284 619 2340 xtoris
647 2284 848 2343 crinita
874 2300 1118 2360 tument,
1149 2302 1471 2366 stantesque
1496 2289 1734 2346 reflectit

285 2372 440 2428 Aura
463 2369 659 2445 jubas:
683 2368 826 2427 bibit
852 2373 1101 2430 albentes
1134 2374 1338 2431 humus
1365 2373 1518 2430 arida
1544 2373 1785 2429 nimbos·

283 2455 378 2513 Fit
406 2476 573 2513 sonus
590 2499 607 2523 ‚
633 2454 999 2536 immanisque
1027 2460 1238 2536 pedum
1256 2500 1272 2531 ,
1304 2451 1598 2535 ten'uisque

503 2553 770 2598 rotarum.

284 2627 449 2686 Nulla
476 2648 670 2684 manus
696 2630 944 2705 requies,
974 2629 1269 2707 densisque
1297 2632 1545 2688 insibilat
1578 2649 1673 2684 aer

275 2713 650 2772 Verberibus.
676 2715 877 2772 Gelida
905 2736 1020 2771 non
1051 2716 1300 2782 crebrior
1329 2716 1512 2770 exsilit
1532 2717 1700 2768 Arcto

280 2797 540 2869 Grando,
557 2819 668 2866 ,nec
688 2799 905 2856 Oleniis
924 2810 1155 2853 manant
1175 2808 1260 2852 tot
1279 2797 1543 2853 cornibus
1560 2795 1794 2855 imbres„

317 2939 320 2942 .
349 2884 614 2939 Senserat
638 2883 894 2941 adductis
923 2880 1089 2937 alium
1113 2898 1395 2956 praesagus
1422 2878 1598 2937 Arion

275 2968 425 3025 Stare
452 2968 653 3024 ducem
704 2969 846 3037 oris;
879 2964 1178 3042 dirumque
1209 2957 1514 3043 expaverat
1541 2965 1728 3022 insons

603 3109 620 3133 l
