2079 3613
250 263 343 347 573
498 281 936 356 ΤΗΕΒΑῙΒοε,
991 283 1135 332 mn.
1186 287 1258 334 1.·
1497 275 1614 334 23.

179 386 474 441 Intemerata
500 379 636 435 toris
661 400 678 446 ς
710 377 847 436 felix
872 377 918 434 si
942 376 1107 434 Delia
1138 398 1429 456 nunquam

176 472 315 526 Furta
328 509 342 537 ,
363 485 456 523 nec
472 462 754 522 occultum
772 462 983 527 Phoebo
1010 463 1278 520 sociasset
1299 484 1548 522 amorem
1571 468 1587 519 ἰ

173 557 394 629 Namque
422 563 479 610 ut
509 569 673 630 passa
703 550 918 621 Deum,
958 549 1170 607 Nemaei
1200 548 1277 607 ad
1301 549 1551 607 fluminis

255 638 469 708 undam,

168 724 250 783 Bis
275 724 456 802 quinos
478 721 640 799 plena
661 741 789 779 cum
816 722 1002 778 fronte
1035 731 1347 778 resumeret
1381 714 1552 779 orbes

169 807 418 887 Cynthia,
445 805 720 864 sidereum
751 808 984 862 Latonae
1014 807 1151 864 foeta
1182 818 1457 883 nepotem
1547 864 1552 865 ff

167 892 374 964 Edidit3
400 911 460 948 ac
483 912 662 970 poenae
694 903 951 948 metuens
989 888 1216 968 (neque
1252 890 1408 947 enim
1445 891 1547 949 ille

250 978 445 1036 coactis

167 1062 410 1119 Donasset
428 1059 677 1119 thalamis
699 1062 924 1120 veniam
939 1058 1134 1137 pater)
1163 1061 1289 1118 avia
1312 1081 1448 1119 rura

167 1143 340 1222 Eligit,
373 1166 433 1202 ac
462 1158 655 1202 natum
686 1157 844 1223 septa
870 1146 1019 1203 inter
1048 1144 1215 1203 ovilia
1247 1145 1449 1203 furtim

167 1230 460 1309 Montivago
486 1230 708 1307 pecoris
734 1230 952 1288 custodi
980 1229 1214 1287 mandat
1243 1230 1512 1288 alendum
1531 1251 1549 1287 t

167 1317 273 1371 ,Ἴου
296 1313 398 1371 tibi
423 1313 585 1393 digna
603 1359 619 1385 ‚
650 1335 827 1392 puer,
857 1316 1080 1392 generis
1104 1315 1383 1373 cunabula
1421 1316 1592 1388 tanti,

167 1398 465 1457 3ramineos
482 1401 637 1458 dedit
660 1400 840 1457 herba
860 1413 1045 1469 toros;
1066 1412 1120 1455 et
1137 1398 1349 1456 vimine
1372 1418 1595 1476 querno

167 1485 321 1543 [exta
339 1483 550 1542 domus·
575 1483 783 1542 Clausa
809 1485 1027 1541 arbutei
1047 1482 1152 1539 sub
1177 1484 1390 1540 cortice
1413 1482 1542 1540 libri

167 1569 393 1627 tlembra
425 1580 655 1646 tepent,
693 1570 1009 1646 suadetque
1049 1567 1206 1627 leves
1241 1587 1384 1625 cava
1418 1565 1599 1625 fistula

232 1674 499 1725 somnos,

167 1756 208 1811 St
227 1753 424 1831 pecori
441 1772 741 1811 commune
763 1752 962 1811 solum.
986 1749 1102 1809 Sed
1126 1751 1242 1810 fata
1267 1772 1375 1810 nec
1399 1749 1558 1810 illum

167 1839 478 1896 loncesaene
501 1838 717 1896 larem:
751 1836 923 1896 viridi
951 1857 1084 1893 nam
1107 1839 1335 1915 ‘cespite
1372 1851 1533 1896 terrae

167 1922 450 1998 ’rejectum
486 1933 700 1983 temere
728 1963 746 1992 ,
784 1933 843 1976 et
883 1920 1082 1996 patulo
1124 1922 1326 1979 coelum
1366 1941 1466 1978 ore

222 2006 546 2065 trahentem
1189 2025 1195 2030 ·

169 2091 270 2147 ’ira
293 2109 499 2148 canum
515 2090 725 2162 rabie5‚
748 2109 937 2147 morsu
961 2089 1199 2168 depasta
1225 2104 1488 2161 cruento,

169 2175 372 2250 visjicit.
403 2176 516 2232 Hic
538 2196 675 2235 vero
696 2176 960 2233 attonitas
985 2188 1050 2232 ut
1073 2177 1298 2234 nuntius
1323 2196 1485 2235 aures

169 2262 322 2321 [amis
359 2260 481 2318 adit
503 2302 520 2332 .,
558 2260 705 2340 pulsi
746 2281 820 2321 ex
856 2260 1048 2318 animo
1086 2263 1422 2340 genitorque

212 2348 529 2425 pudorque
553 2389 570 2417 ‚

169 2445 415 2492 tmetus.
440 2436 578 2510 Ipsa
596 2434 746 2491 ultro
771 2434 929 2492 saevis
952 2432 1319 2511 plangoribus
1337 2454 1531 2493 amens

169 2529 299 2573 ecta
330 2518 564 2596 replet,
604 2538 956 2596 vacuumque
995 2521 1186 2578 ferens
1221 2518 1497 2579 velamine

204 2617 427 2680 pectus
441 2648 462 2677 .,

169 2690 391 2747 ccurrit
419 2692 686 2749 confessa
711 2689 879 2767 patri.
910 2693 1028 2744 Nec
1055 2702 1268 2757 motus,
1294 2700 1350 2744 et
1377 2701 1499 2745 atro
1573 2710 1585 2721 ·

169 2788 399 2851 aperat‚
412 2775 740 2838 infandum!
758 2775 1130 2853 cupientem-o
1137 2774 1435 2831 ccumbere
1449 2773 1584 2833 leto.

169 2880 245 2918 ro
270 2882 516 2920 memor
544 2862 809 2931 thalami,
833 2875 1045 2921 moestae
1067 2851 1276 2920 solati?
1285 2863 1450 2919 morti
1468 2904 1483 2933 ,

169 2945 319 3006 Aoebe
336 2991 355 3019 ,
384 2970 588 3027 paras.
614 2953 929 3010 Monstmm
945 2991 965 3024 ,
991 2949 1243 3009 infandis
1269 2947 1596 3009 Acheronte

183 3033 307 3092 sub
335 3036 472 3095 imo
