<?xml version="1.0" encoding="UTF-8"?>
<!DOCTYPE html PUBLIC "-//W3C//DTD XHTML 1.0 Transitional//EN"
    "http://www.w3.org/TR/xhtml1/DTD/xhtml1-transitional.dtd">
<html xmlns="http://www.w3.org/1999/xhtml" xml:lang="en" lang="en">
 <head>
  <title>
</title>
<meta http-equiv="Content-Type" content="text/html;charset=utf-8" />
  <meta name='ocr-system' content='tesseract 3.04.00' />
  <meta name='ocr-capabilities' content='ocr_page ocr_carea ocr_par ocr_line ocrx_word'/>
</head>
<body>
  <div class='ocr_page' id='page_1' title='image "./operaadoptimeed00statgoog/operaadoptimeed00statgoog_0381.png"; bbox 0 0 2079 3613; ppageno 0'>
   <div class='ocr_carea' id='block_1_1' title="bbox 562 250 1832 331">
    <p class='ocr_par' dir='ltr' id='par_1_1' title="bbox 562 250 1832 331">
     <span class='ocr_line' id='line_1_1' title="bbox 562 250 1832 331; baseline 0.002 -12"><span class='ocrx_word' id='word_1_1' title='bbox 562 262 632 319; x_wconf 78' lang='lat'>23</span> <span class='ocrx_word' id='word_1_2' title='bbox 738 250 1180 331; x_wconf 70' lang='lat' dir='ltr'><strong>&#39;&#39;THEBAIDOS‚</strong></span> <span class='ocrx_word' id='word_1_3' title='bbox 1229 269 1372 318; x_wconf 74' lang='lat' dir='ltr'>mn.</span> <span class='ocrx_word' id='word_1_4' title='bbox 1422 270 1594 320; x_wconf 48' lang='lat' dir='ltr'>xus</span> <span class='ocrx_word' id='word_1_5' title='bbox 1706 259 1832 321; x_wconf 81' lang='lat'>353</span> 
     </span>
    </p>
   </div>
   <div class='ocr_carea' id='block_1_2' title="bbox 277 352 1820 3092">
    <p class='ocr_par' dir='ltr' id='par_1_2' title="bbox 342 352 1667 441">
     <span class='ocr_line' id='line_1_2' title="bbox 342 352 1667 441; baseline 0.002 -22"><span class='ocrx_word' id='word_1_6' title='bbox 342 360 647 439; x_wconf 82' lang='lat' dir='ltr'>Belliquias</span> <span class='ocrx_word' id='word_1_7' title='bbox 666 405 683 434; x_wconf 85' lang='lat'>‚</span> <span class='ocrx_word' id='word_1_8' title='bbox 714 385 824 440; x_wconf 89' lang='lat' dir='ltr'>qua</span> <span class='ocrx_word' id='word_1_9' title='bbox 846 383 1126 441; x_wconf 85' lang='lat' dir='ltr'>quemque</span> <span class='ocrx_word' id='word_1_10' title='bbox 1151 360 1345 435; x_wconf 84' lang='lat' dir='ltr'>dolor,</span> <span class='ocrx_word' id='word_1_11' title='bbox 1374 352 1667 440; x_wconf 80' lang='lat' dir='ltr'>luctusque</span> 
     </span>
    </p>

    <p class='ocr_par' dir='ltr' id='par_1_3' title="bbox 348 451 775 527">
     <span class='ocr_line' id='line_1_3' title="bbox 348 451 775 527; baseline -0.012 -16"><span class='ocrx_word' id='word_1_12' title='bbox 348 524 349 527; x_wconf 8' lang='grc' dir='ltr'><strong>Ἴ</strong></span> <span class='ocrx_word' id='word_1_13' title='bbox 556 451 775 508; x_wconf 83' lang='lat' dir='ltr'><strong>cruenti</strong></span> 
     </span>
    </p>

    <p class='ocr_par' dir='ltr' id='par_1_4' title="bbox 336 534 1650 612">
     <span class='ocr_line' id='line_1_4' title="bbox 336 534 1650 612; baseline -0.001 -21"><span class='ocrx_word' id='word_1_14' title='bbox 336 537 586 612; x_wconf 81' lang='lat' dir='ltr'>Exegere</span> <span class='ocrx_word' id='word_1_15' title='bbox 614 536 806 593; x_wconf 86' lang='lat' dir='ltr'>duces.</span> <span class='ocrx_word' id='word_1_16' title='bbox 836 535 914 591; x_wconf 84' lang='lat' dir='ltr'>Hi</span> <span class='ocrx_word' id='word_1_17' title='bbox 937 535 1043 592; x_wconf 85' lang='lat' dir='ltr'>tela</span> <span class='ocrx_word' id='word_1_18' title='bbox 1062 578 1077 604; x_wconf 91' lang='lat'><strong>‚</strong></span> <span class='ocrx_word' id='word_1_19' title='bbox 1099 534 1158 591; x_wconf 88' lang='lat' dir='ltr'>hi</span> <span class='ocrx_word' id='word_1_20' title='bbox 1186 553 1425 609; x_wconf 78' lang='lat' dir='ltr'>corpora</span> <span class='ocrx_word' id='word_1_21' title='bbox 1448 556 1459 588; x_wconf 89' lang='lat'>:</span> <span class='ocrx_word' id='word_1_22' title='bbox 1490 547 1546 591; x_wconf 85' lang='lat' dir='ltr'>at</span> <span class='ocrx_word' id='word_1_23' title='bbox 1569 534 1650 591; x_wconf 87' lang='lat' dir='ltr'>illi</span> 
     </span>
    </p>

    <p class='ocr_par' dir='ltr' id='par_1_5' title="bbox 320 620 1740 697">
     <span class='ocr_line' id='line_1_5' title="bbox 320 620 1740 697; baseline -0.001 -20"><span class='ocrx_word' id='word_1_24' title='bbox 320 621 621 677; x_wconf 43' lang='lat' dir='ltr'>*Caesorum</span> <span class='ocrx_word' id='word_1_25' title='bbox 639 634 851 677; x_wconf 83' lang='lat' dir='ltr'>tantum</span> <span class='ocrx_word' id='word_1_26' title='bbox 879 639 977 676; x_wconf 87' lang='lat' dir='ltr'>ora</span> <span class='ocrx_word' id='word_1_27' title='bbox 1002 620 1232 688; x_wconf 85' lang='lat' dir='ltr'>vident,</span> <span class='ocrx_word' id='word_1_28' title='bbox 1262 620 1555 694; x_wconf 84' lang='lat' dir='ltr'>alienaque</span> <span class='ocrx_word' id='word_1_29' title='bbox 1583 624 1740 697; x_wconf 83' lang='lat' dir='ltr'>juxta</span> 
     </span>
    </p>

    <p class='ocr_par' dir='ltr' id='par_1_6' title="bbox 277 704 1543 869">
     <span class='ocr_line' id='line_1_6' title="bbox 277 704 1543 782; baseline 0.002 -21"><span class='ocrx_word' id='word_1_30' title='bbox 277 732 286 745; x_wconf 88' lang='lat'><strong>·</strong></span> <span class='ocrx_word' id='word_1_31' title='bbox 336 704 589 765; x_wconf 80' lang='lat' dir='ltr'><strong>Pectora.</strong></span> <span class='ocrx_word' id='word_1_32' title='bbox 621 710 750 763; x_wconf 84' lang='lat' dir='ltr'>Pars</span> <span class='ocrx_word' id='word_1_33' title='bbox 766 725 959 763; x_wconf 87' lang='lat' dir='ltr'>currus</span> <span class='ocrx_word' id='word_1_34' title='bbox 982 705 1186 762; x_wconf 85' lang='lat' dir='ltr'>deflent</span> <span class='ocrx_word' id='word_1_35' title='bbox 1204 747 1219 777; x_wconf 88' lang='lat'>‚</span> <span class='ocrx_word' id='word_1_36' title='bbox 1246 704 1543 782; x_wconf 83' lang='lat' dir='ltr'>viduisque</span> 
     </span>
     <span class='ocr_line' id='line_1_7' title="bbox 553 793 907 869; baseline -0.003 -21"><span class='ocrx_word' id='word_1_37' title='bbox 553 793 863 869; x_wconf 62' lang='lat' dir='ltr'>loquuntur</span> <span class='ocrx_word' id='word_1_38' title='bbox 890 835 907 863; x_wconf 85' lang='lat'>‚</span> 
     </span>
    </p>

    <p class='ocr_par' dir='ltr' id='par_1_7' title="bbox 336 876 1647 1038">
     <span class='ocr_line' id='line_1_8' title="bbox 336 876 1647 954; baseline 0.001 -22"><span class='ocrx_word' id='word_1_39' title='bbox 336 878 458 934; x_wconf 88' lang='lat' dir='ltr'>Hoc</span> <span class='ocrx_word' id='word_1_40' title='bbox 484 879 665 935; x_wconf 90' lang='lat' dir='ltr'>solum</span> <span class='ocrx_word' id='word_1_41' title='bbox 692 879 821 954; x_wconf 84' lang='lat' dir='ltr'>quia</span> <span class='ocrx_word' id='word_1_42' title='bbox 848 889 1054 949; x_wconf 85' lang='lat' dir='ltr'>restat,</span> <span class='ocrx_word' id='word_1_43' title='bbox 1083 882 1243 954; x_wconf 86' lang='lat' dir='ltr'>equis</span> <span class='ocrx_word' id='word_1_44' title='bbox 1266 897 1433 953; x_wconf 87' lang='lat' dir='ltr'>:pars</span> <span class='ocrx_word' id='word_1_45' title='bbox 1458 876 1647 934; x_wconf 84' lang='lat' dir='ltr'>oscula</span> 
     </span>
     <span class='ocr_line' id='line_1_9' title="bbox 555 963 733 1038; baseline 0.006 -20"><span class='ocrx_word' id='word_1_46' title='bbox 555 963 733 1038; x_wconf 85' lang='lat' dir='ltr'>figunt</span> 
     </span>
    </p>

    <p class='ocr_par' dir='ltr' id='par_1_8' title="bbox 336 1045 1720 1126">
     <span class='ocr_line' id='line_1_10' title="bbox 336 1045 1720 1126; baseline -0.001 -23"><span class='ocrx_word' id='word_1_47' title='bbox 336 1047 676 1104; x_wconf 83' lang='lat' dir='ltr'>Vulneribus</span> <span class='ocrx_word' id='word_1_48' title='bbox 709 1047 953 1126; x_wconf 74' lang='lat' dir='ltr'>magni3‚</span> <span class='ocrx_word' id='word_1_49' title='bbox 982 1060 1037 1104; x_wconf 88' lang='lat' dir='ltr'>et</span> <span class='ocrx_word' id='word_1_50' title='bbox 1063 1045 1134 1101; x_wconf 90' lang='lat' dir='ltr'>de</span> <span class='ocrx_word' id='word_1_51' title='bbox 1161 1047 1365 1103; x_wconf 85' lang='lat' dir='ltr'>virtute</span> <span class='ocrx_word' id='word_1_52' title='bbox 1386 1059 1720 1122; x_wconf 84' lang='lat' dir='ltr'>queruntur.</span> 
     </span>
    </p>

    <p class='ocr_par' dir='ltr' id='par_1_9' title="bbox 337 1130 1621 1210">
     <span class='ocr_line' id='line_1_11' title="bbox 337 1130 1621 1210; baseline 0.001 -23"><span class='ocrx_word' id='word_1_53' title='bbox 337 1130 568 1205; x_wconf 84' lang='lat' dir='ltr'>Frigida</span> <span class='ocrx_word' id='word_1_54' title='bbox 596 1131 872 1210; x_wconf 80' lang='lat' dir='ltr'>digeritur</span> <span class='ocrx_word' id='word_1_55' title='bbox 896 1146 1107 1207; x_wconf 85' lang='lat' dir='ltr'>strages</span> <span class='ocrx_word' id='word_1_56' title='bbox 1131 1150 1145 1186; x_wconf 76' lang='lat' dir='ltr'><strong><em>z</em></strong></span> <span class='ocrx_word' id='word_1_57' title='bbox 1173 1145 1411 1208; x_wconf 85' lang='lat' dir='ltr'>patuere</span> <span class='ocrx_word' id='word_1_58' title='bbox 1433 1133 1621 1188; x_wconf 79' lang='lat' dir='ltr'>recisae</span> 
     </span>
    </p>

    <p class='ocr_par' dir='ltr' id='par_1_10' title="bbox 338 1215 1629 1377">
     <span class='ocr_line' id='line_1_12' title="bbox 338 1215 1629 1294; baseline 0.001 -24"><span class='ocrx_word' id='word_1_59' title='bbox 338 1215 493 1270; x_wconf 82' lang='lat' dir='ltr'>Cum·</span> <span class='ocrx_word' id='word_1_60' title='bbox 506 1217 748 1294; x_wconf 85' lang='lat' dir='ltr'>capulis,</span> <span class='ocrx_word' id='word_1_61' title='bbox 771 1217 1052 1294; x_wconf 86' lang='lat' dir='ltr'>hastisque</span> <span class='ocrx_word' id='word_1_62' title='bbox 1070 1237 1289 1289; x_wconf 89' lang='lat' dir='ltr'>manus,</span> <span class='ocrx_word' id='word_1_63' title='bbox 1315 1216 1629 1293; x_wconf 85' lang='lat' dir='ltr'>mediisque</span> 
     </span>
     <span class='ocr_line' id='line_1_13' title="bbox 538 1302 752 1377; baseline 0.014 -21"><span class='ocrx_word' id='word_1_64' title='bbox 538 1302 752 1377; x_wconf 79' lang='lat' dir='ltr'>sagittae</span> 
     </span>
    </p>

    <p class='ocr_par' dir='ltr' id='par_1_11' title="bbox 328 1385 1559 1465">
     <span class='ocr_line' id='line_1_14' title="bbox 328 1385 1559 1465; baseline 0.001 -24"><span class='ocrx_word' id='word_1_65' title='bbox 328 1385 658 1442; x_wconf 84' lang='lat' dir='ltr'>Luminibus</span> <span class='ocrx_word' id='word_1_66' title='bbox 678 1401 908 1451; x_wconf 87' lang='lat' dir='ltr'>stantes.</span> <span class='ocrx_word' id='word_1_67' title='bbox 933 1386 1125 1444; x_wconf 90' lang='lat' dir='ltr'>Multis</span> <span class='ocrx_word' id='word_1_68' title='bbox 1148 1387 1371 1465; x_wconf 85' lang='lat' dir='ltr'>vestigia</span> <span class='ocrx_word' id='word_1_69' title='bbox 1396 1385 1559 1444; x_wconf 84' lang='lat' dir='ltr'>caedis</span> 
     </span>
    </p>

    <p class='ocr_par' dir='ltr' id='par_1_12' title="bbox 326 1469 1636 1633">
     <span class='ocr_line' id='line_1_15' title="bbox 326 1469 1636 1550; baseline 0.002 -25"><span class='ocrx_word' id='word_1_70' title='bbox 326 1469 521 1526; x_wconf 85' lang='lat' dir='ltr'>Nulla:</span> <span class='ocrx_word' id='word_1_71' title='bbox 550 1485 717 1529; x_wconf 88' lang='lat' dir='ltr'>ruunt</span> <span class='ocrx_word' id='word_1_72' title='bbox 743 1472 972 1548; x_wconf 86' lang='lat' dir='ltr'>planctu</span> <span class='ocrx_word' id='word_1_73' title='bbox 996 1473 1310 1550; x_wconf 81' lang='lat' dir='ltr'>pendente,</span> <span class='ocrx_word' id='word_1_74' title='bbox 1342 1486 1398 1529; x_wconf 91' lang='lat' dir='ltr'>et</span> <span class='ocrx_word' id='word_1_75' title='bbox 1424 1473 1636 1549; x_wconf 87' lang='lat' dir='ltr'>ubique</span> 
     </span>
     <span class='ocr_line' id='line_1_16' title="bbox 549 1571 1434 1633; baseline 0.002 -21"><span class='ocrx_word' id='word_1_76' title='bbox 549 1571 766 1633; x_wconf 85' lang='lat' dir='ltr'>parato.</span> <span class='ocrx_word' id='word_1_77' title='bbox 1429 1586 1434 1587; x_wconf 43' lang='lat'><em>⁷</em></span> 
     </span>
    </p>

    <p class='ocr_par' dir='ltr' id='par_1_13' title="bbox 327 1640 1734 1716">
     <span class='ocr_line' id='line_1_17' title="bbox 327 1640 1734 1716; baseline -0.003 -18"><span class='ocrx_word' id='word_1_78' title='bbox 327 1644 406 1698; x_wconf 80' lang='lat' dir='ltr'>At</span> <span class='ocrx_word' id='word_1_79' title='bbox 431 1644 643 1698; x_wconf 83' lang='lat' dir='ltr'>circum</span> <span class='ocrx_word' id='word_1_80' title='bbox 662 1642 934 1698; x_wconf 83' lang='lat' dir='ltr'>informes</span> <span class='ocrx_word' id='word_1_81' title='bbox 960 1654 1190 1699; x_wconf 88' lang='lat' dir='ltr'>truncos</span> <span class='ocrx_word' id='word_1_82' title='bbox 1217 1641 1530 1699; x_wconf 61' lang='lat' dir='ltr'>misembile</span> <span class='ocrx_word' id='word_1_83' title='bbox 1557 1640 1734 1716; x_wconf 83' lang='lat' dir='ltr'>surgit</span> 
     </span>
    </p>

    <p class='ocr_par' dir='ltr' id='par_1_14' title="bbox 325 1725 1814 1801">
     <span class='ocr_line' id='line_1_18' title="bbox 325 1725 1814 1801; baseline -0.003 -17"><span class='ocrx_word' id='word_1_84' title='bbox 325 1729 626 1784; x_wconf 83' lang='lat' dir='ltr'>Certamen</span> <span class='ocrx_word' id='word_1_85' title='bbox 649 1768 665 1796; x_wconf 84' lang='lat'>‚</span> <span class='ocrx_word' id='word_1_86' title='bbox 697 1725 790 1782; x_wconf 92' lang='lat' dir='ltr'>cui</span> <span class='ocrx_word' id='word_1_87' title='bbox 814 1728 958 1801; x_wconf 85' lang='lat' dir='ltr'>justa</span> <span class='ocrx_word' id='word_1_88' title='bbox 984 1728 1167 1782; x_wconf 84' lang='lat' dir='ltr'>ferant</span> <span class='ocrx_word' id='word_1_89' title='bbox 1196 1769 1211 1799; x_wconf 88' lang='lat'>‚</span> <span class='ocrx_word' id='word_1_90' title='bbox 1244 1728 1334 1783; x_wconf 90' lang='lat' dir='ltr'>cui</span> <span class='ocrx_word' id='word_1_91' title='bbox 1358 1729 1557 1784; x_wconf 82' lang='lat' dir='ltr'>funera</span> <span class='ocrx_word' id='word_1_92' title='bbox 1582 1727 1814 1782; x_wconf 87' lang='lat' dir='ltr'>ducant.</span> 
     </span>
    </p>

    <p class='ocr_par' dir='ltr' id='par_1_15' title="bbox 321 1808 1746 1889">
     <span class='ocr_line' id='line_1_19' title="bbox 321 1808 1746 1889; baseline -0.003 -19"><span class='ocrx_word' id='word_1_93' title='bbox 321 1816 480 1888; x_wconf 86' lang='lat' dir='ltr'>Saepe</span> <span class='ocrx_word' id='word_1_94' title='bbox 508 1812 672 1867; x_wconf 86' lang='lat' dir='ltr'>etiam</span> <span class='ocrx_word' id='word_1_95' title='bbox 698 1810 929 1867; x_wconf 82' lang='lat' dir='ltr'>hostiles</span> <span class='ocrx_word' id='word_1_96' title='bbox 957 1808 1124 1889; x_wconf 88' lang='lat' dir='ltr'>(lusit</span> <span class='ocrx_word' id='word_1_97' title='bbox 1145 1814 1368 1869; x_wconf 86' lang='lat' dir='ltr'>fortuna</span> <span class='ocrx_word' id='word_1_98' title='bbox 1391 1809 1746 1888; x_wconf 83' lang='lat' dir='ltr'>parumper)</span> 
     </span>
    </p>

    <p class='ocr_par' dir='ltr' id='par_1_16' title="bbox 321 1896 1583 1973">
     <span class='ocr_line' id='line_1_20' title="bbox 321 1896 1583 1973; baseline -0.002 -18"><span class='ocrx_word' id='word_1_99' title='bbox 321 1899 564 1973; x_wconf 84' lang='lat' dir='ltr'>Decepti</span> <span class='ocrx_word' id='word_1_100' title='bbox 593 1898 798 1954; x_wconf 85' lang='lat' dir='ltr'>flevere</span> <span class='ocrx_word' id='word_1_101' title='bbox 822 1896 970 1954; x_wconf 87' lang='lat' dir='ltr'>viros</span> <span class='ocrx_word' id='word_1_102' title='bbox 993 1915 1011 1967; x_wconf 89' lang='lat'>;</span> <span class='ocrx_word' id='word_1_103' title='bbox 1035 1917 1146 1953; x_wconf 86' lang='lat' dir='ltr'>nec</span> <span class='ocrx_word' id='word_1_104' title='bbox 1172 1911 1322 1953; x_wconf 81' lang='lat' dir='ltr'>certa</span> <span class='ocrx_word' id='word_1_105' title='bbox 1350 1896 1583 1958; x_wconf 67' lang='lat' dir='ltr'>facultas</span> 
     </span>
    </p>

    <p class='ocr_par' dir='ltr' id='par_1_17' title="bbox 320 1982 1820 2059">
     <span class='ocr_line' id='line_1_21' title="bbox 320 1982 1820 2059; baseline -0.003 -18"><span class='ocrx_word' id='word_1_106' title='bbox 320 1986 566 2042; x_wconf 84' lang='lat' dir='ltr'>Noscere</span> <span class='ocrx_word' id='word_1_107' title='bbox 585 2004 748 2059; x_wconf 88' lang='lat' dir='ltr'>quem</span> <span class='ocrx_word' id='word_1_108' title='bbox 776 1983 955 2039; x_wconf 87' lang='lat' dir='ltr'>miseri</span> <span class='ocrx_word' id='word_1_109' title='bbox 982 1984 1163 2039; x_wconf 88' lang='lat' dir='ltr'>vitent</span> <span class='ocrx_word' id='word_1_110' title='bbox 1183 2025 1202 2056; x_wconf 84' lang='lat'>,</span> <span class='ocrx_word' id='word_1_111' title='bbox 1226 1982 1508 2041; x_wconf 83' lang='lat' dir='ltr'>calcentve</span> <span class='ocrx_word' id='word_1_112' title='bbox 1537 1995 1820 2038; x_wconf 85' lang='lat' dir='ltr'>cruorem.</span> 
     </span>
    </p>

    <p class='ocr_par' dir='ltr' id='par_1_18' title="bbox 320 2066 1736 2146">
     <span class='ocr_line' id='line_1_22' title="bbox 320 2066 1736 2146; baseline -0.003 -20"><span class='ocrx_word' id='word_1_113' title='bbox 320 2073 401 2126; x_wconf 88' lang='lat' dir='ltr'>At</span> <span class='ocrx_word' id='word_1_114' title='bbox 425 2070 629 2144; x_wconf 84' lang='lat' dir='ltr'>quibus</span> <span class='ocrx_word' id='word_1_115' title='bbox 647 2082 730 2124; x_wconf 91' lang='lat' dir='ltr'>est</span> <span class='ocrx_word' id='word_1_116' title='bbox 745 2068 912 2126; x_wconf 86' lang='lat' dir='ltr'>illaesa</span> <span class='ocrx_word' id='word_1_117' title='bbox 926 2066 1123 2124; x_wconf 87' lang='lat' dir='ltr'>domus</span> <span class='ocrx_word' id='word_1_118' title='bbox 1140 2111 1154 2138; x_wconf 88' lang='lat'>‚</span> <span class='ocrx_word' id='word_1_119' title='bbox 1177 2069 1454 2146; x_wconf 86' lang='lat' dir='ltr'>vacuique</span> <span class='ocrx_word' id='word_1_120' title='bbox 1477 2067 1702 2124; x_wconf 86' lang='lat' dir='ltr'>dolores</span> <span class='ocrx_word' id='word_1_121' title='bbox 1717 2108 1736 2136; x_wconf 86' lang='lat'>.,</span> 
     </span>
    </p>

    <p class='ocr_par' dir='ltr' id='par_1_19' title="bbox 318 2154 1644 2231">
     <span class='ocr_line' id='line_1_23' title="bbox 318 2154 1644 2231; baseline -0.001 -20"><span class='ocrx_word' id='word_1_122' title='bbox 318 2155 437 2211; x_wconf 88' lang='lat' dir='ltr'>Aut</span> <span class='ocrx_word' id='word_1_123' title='bbox 451 2154 670 2211; x_wconf 82' lang='lat' dir='ltr'>deserta</span> <span class='ocrx_word' id='word_1_124' title='bbox 687 2156 813 2231; x_wconf 85' lang='lat' dir='ltr'>vagi</span> <span class='ocrx_word' id='word_1_125' title='bbox 831 2158 1086 2212; x_wconf 83' lang='lat' dir='ltr'>Danaum</span> <span class='ocrx_word' id='word_1_126' title='bbox 1108 2155 1346 2213; x_wconf 87' lang='lat' dir='ltr'>tentoria</span> <span class='ocrx_word' id='word_1_127' title='bbox 1369 2155 1610 2213; x_wconf 80' lang='lat' dir='ltr'>lustrant</span> <span class='ocrx_word' id='word_1_128' title='bbox 1626 2195 1644 2223; x_wconf 80' lang='lat'>,</span> 
     </span>
    </p>

    <p class='ocr_par' dir='ltr' id='par_1_20' title="bbox 317 2237 1560 2398">
     <span class='ocr_line' id='line_1_24' title="bbox 317 2237 1560 2319; baseline 0.003 -26"><span class='ocrx_word' id='word_1_129' title='bbox 317 2237 747 2316; x_wconf 88' lang='lat' dir='ltr'>Immittuntque</span> <span class='ocrx_word' id='word_1_130' title='bbox 765 2244 916 2297; x_wconf 86' lang='lat' dir='ltr'>faces</span> <span class='ocrx_word' id='word_1_131' title='bbox 938 2260 954 2312; x_wconf 91' lang='lat'>;</span> <span class='ocrx_word' id='word_1_132' title='bbox 980 2255 1075 2298; x_wconf 87' lang='lat' dir='ltr'>aut</span> <span class='ocrx_word' id='word_1_133' title='bbox 1092 2242 1116 2319; x_wconf 96' lang='lat'>(</span> <span class='ocrx_word' id='word_1_134' title='bbox 1133 2263 1254 2319; x_wconf 85' lang='lat' dir='ltr'>quae</span> <span class='ocrx_word' id='word_1_135' title='bbox 1271 2254 1400 2319; x_wconf 87' lang='lat' dir='ltr'>post</span> <span class='ocrx_word' id='word_1_136' title='bbox 1415 2240 1560 2297; x_wconf 85' lang='lat' dir='ltr'>bella</span> 
     </span>
     <span class='ocr_line' id='line_1_25' title="bbox 532 2324 865 2398; baseline 0.003 -18"><span class='ocrx_word' id='word_1_137' title='bbox 532 2324 792 2398; x_wconf 76' lang='lat' dir='ltr'>voluptas</span> <span class='ocrx_word' id='word_1_138' title='bbox 812 2326 865 2396; x_wconf 71' lang='grc' dir='ltr'>Ξ)</span> 
     </span>
    </p>

    <p class='ocr_par' dir='ltr' id='par_1_21' title="bbox 317 2398 1742 2489">
     <span class='ocr_line' id='line_1_26' title="bbox 317 2398 1742 2489; baseline 0.004 -27"><span class='ocrx_word' id='word_1_139' title='bbox 317 2414 589 2481; x_wconf 83' lang='lat' dir='ltr'>Quaerunt</span> <span class='ocrx_word' id='word_1_140' title='bbox 609 2408 848 2483; x_wconf 87' lang='lat' dir='ltr'>dispersi</span> <span class='ocrx_word' id='word_1_141' title='bbox 867 2413 1054 2484; x_wconf 83' lang='lat' dir='ltr'>jaceat</span> <span class='ocrx_word' id='word_1_142' title='bbox 1072 2431 1186 2488; x_wconf 90' lang='lat' dir='ltr'>quo</span> <span class='ocrx_word' id='word_1_143' title='bbox 1213 2412 1449 2488; x_wconf 87' lang='lat' dir='ltr'>pulvere</span> <span class='ocrx_word' id='word_1_144' title='bbox 1474 2398 1707 2489; x_wconf 75' lang='lat' dir='ltr'>Tydeus</span> <span class='ocrx_word' id='word_1_145' title='bbox 1724 2431 1742 2468; x_wconf 70' lang='grc' dir='ltr'>ε</span> 
     </span>
    </p>

    <p class='ocr_par' dir='ltr' id='par_1_22' title="bbox 317 2490 1780 2572">
     <span class='ocr_line' id='line_1_27' title="bbox 317 2490 1780 2572; baseline 0.004 -25"><span class='ocrx_word' id='word_1_146' title='bbox 317 2494 414 2547; x_wconf 82' lang='lat' dir='ltr'>An</span> <span class='ocrx_word' id='word_1_147' title='bbox 431 2490 581 2566; x_wconf 84' lang='lat' dir='ltr'>rapti</span> <span class='ocrx_word' id='word_1_148' title='bbox 607 2502 797 2566; x_wconf 85' lang='lat' dir='ltr'>pateat</span> <span class='ocrx_word' id='word_1_149' title='bbox 824 2511 1028 2570; x_wconf 87' lang='lat' dir='ltr'>specus</span> <span class='ocrx_word' id='word_1_150' title='bbox 1052 2498 1272 2572; x_wconf 85' lang='lat' dir='ltr'>auguris</span> <span class='ocrx_word' id='word_1_151' title='bbox 1292 2537 1308 2565; x_wconf 87' lang='lat'>‚</span> <span class='ocrx_word' id='word_1_152' title='bbox 1335 2497 1552 2552; x_wconf 82' lang='lat' dir='ltr'>aut-ubi</span> <span class='ocrx_word' id='word_1_153' title='bbox 1572 2498 1780 2554; x_wconf 88' lang='lat' dir='ltr'>Divum</span> 
     </span>
    </p>

    <p class='ocr_par' dir='ltr' id='par_1_23' title="bbox 313 2578 1733 2657">
     <span class='ocr_line' id='line_1_28' title="bbox 313 2578 1733 2657; baseline -0.001 -18"><span class='ocrx_word' id='word_1_154' title='bbox 313 2578 508 2639; x_wconf 86' lang='lat' dir='ltr'>Hostis</span> <span class='ocrx_word' id='word_1_155' title='bbox 524 2597 539 2647; x_wconf 91' lang='lat'>;</span> <span class='ocrx_word' id='word_1_156' title='bbox 568 2598 638 2634; x_wconf 86' lang='lat' dir='ltr'>an</span> <span class='ocrx_word' id='word_1_157' title='bbox 657 2578 899 2635; x_wconf 79' lang='lat' dir='ltr'>aetheriae</span> <span class='ocrx_word' id='word_1_158' title='bbox 916 2580 1108 2637; x_wconf 81' lang='lat' dir='ltr'>vivant</span> <span class='ocrx_word' id='word_1_159' title='bbox 1127 2602 1227 2657; x_wconf 86' lang='lat' dir='ltr'>per</span> <span class='ocrx_word' id='word_1_160' title='bbox 1245 2580 1495 2639; x_wconf 87' lang='lat' dir='ltr'>membra</span> <span class='ocrx_word' id='word_1_161' title='bbox 1514 2580 1733 2638; x_wconf 82' lang='lat' dir='ltr'>savillae.</span> 
     </span>
    </p>

    <p class='ocr_par' dir='ltr' id='par_1_24' title="bbox 311 2665 1703 2744">
     <span class='ocr_line' id='line_1_29' title="bbox 311 2665 1703 2744; baseline -0.001 -19"><span class='ocrx_word' id='word_1_162' title='bbox 311 2670 349 2725; x_wconf 88' lang='lat' dir='ltr'><strong>J</strong></span> <span class='ocrx_word' id='word_1_163' title='bbox 352 2688 440 2724; x_wconf 86' lang='lat' dir='ltr'>am</span> <span class='ocrx_word' id='word_1_164' title='bbox 457 2665 723 2741; x_wconf 83' lang='lat' dir='ltr'>lacrymis</span> <span class='ocrx_word' id='word_1_165' title='bbox 750 2678 1007 2743; x_wconf 82' lang='lat' dir='ltr'>exempta</span> <span class='ocrx_word' id='word_1_166' title='bbox 1030 2666 1185 2737; x_wconf 82' lang='lat' dir='ltr'>dies,</span> <span class='ocrx_word' id='word_1_167' title='bbox 1215 2686 1324 2723; x_wconf 90' lang='lat' dir='ltr'>nec</span> <span class='ocrx_word' id='word_1_168' title='bbox 1348 2687 1498 2723; x_wconf 89' lang='lat' dir='ltr'>serus</span> <span class='ocrx_word' id='word_1_169' title='bbox 1518 2667 1703 2744; x_wconf 82' lang='lat' dir='ltr'>abegit</span> 
     </span>
    </p>

    <p class='ocr_par' dir='ltr' id='par_1_25' title="bbox 311 2751 1607 2895">
     <span class='ocr_line' id='line_1_30' title="bbox 311 2751 1607 2829; baseline -0.002 -17"><span class='ocrx_word' id='word_1_170' title='bbox 311 2754 535 2829; x_wconf 87' lang='lat' dir='ltr'>Vesper</span> <span class='ocrx_word' id='word_1_171' title='bbox 561 2774 573 2805; x_wconf 91' lang='lat'>:</span> <span class='ocrx_word' id='word_1_172' title='bbox 604 2764 790 2810; x_wconf 86' lang='lat' dir='ltr'>amant</span> <span class='ocrx_word' id='word_1_173' title='bbox 817 2751 1003 2810; x_wconf 85' lang='lat' dir='ltr'>miseri</span> <span class='ocrx_word' id='word_1_174' title='bbox 1029 2753 1305 2824; x_wconf 54' lang='lat' dir='ltr'>lamentam,</span> <span class='ocrx_word' id='word_1_175' title='bbox 1334 2752 1607 2829; x_wconf 89' lang='lat' dir='ltr'>malisque</span> 
     </span>
     <span class='ocr_line' id='line_1_31' title="bbox 534 2840 814 2895; baseline 0.004 -1"><span class='ocrx_word' id='word_1_176' title='bbox 534 2840 814 2895; x_wconf 82' lang='lat' dir='ltr'>fruuntur.</span> 
     </span>
    </p>

    <p class='ocr_par' dir='ltr' id='par_1_26' title="bbox 311 2918 1734 3003">
     <span class='ocr_line' id='line_1_32' title="bbox 311 2918 1734 3003; baseline 0.001 -21"><span class='ocrx_word' id='word_1_177' title='bbox 311 2926 430 2982; x_wconf 86' lang='lat' dir='ltr'>Nec</span> <span class='ocrx_word' id='word_1_178' title='bbox 454 2922 672 2981; x_wconf 88' lang='lat' dir='ltr'>subiere</span> <span class='ocrx_word' id='word_1_179' title='bbox 690 2924 883 2980; x_wconf 86' lang='lat' dir='ltr'>domos</span> <span class='ocrx_word' id='word_1_180' title='bbox 899 2967 913 2995; x_wconf 89' lang='lat'>‚</span> <span class='ocrx_word' id='word_1_181' title='bbox 945 2924 1048 2983; x_wconf 88' lang='lat' dir='ltr'>sed</span> <span class='ocrx_word' id='word_1_182' title='bbox 1075 2926 1281 2984; x_wconf 85' lang='lat' dir='ltr'>circum</span> <span class='ocrx_word' id='word_1_183' title='bbox 1304 2926 1500 2982; x_wconf 83' lang='lat' dir='ltr'>funera</span> <span class='ocrx_word' id='word_1_184' title='bbox 1519 2918 1734 3003; x_wconf 72' lang='lat' dir='ltr'>pernox</span> 
     </span>
    </p>

    <p class='ocr_par' dir='ltr' id='par_1_27' title="bbox 311 3007 1804 3092">
     <span class='ocr_line' id='line_1_33' title="bbox 311 3007 1804 3092; baseline 0.003 -24"><span class='ocrx_word' id='word_1_185' title='bbox 311 3008 506 3068; x_wconf 81' lang='lat' dir='ltr'>Turba</span> <span class='ocrx_word' id='word_1_186' title='bbox 525 3007 709 3083; x_wconf 76' lang='lat' dir='ltr'>sedet,</span> <span class='ocrx_word' id='word_1_187' title='bbox 737 3010 1067 3088; x_wconf 81' lang='lat' dir='ltr'>vicibusque</span> <span class='ocrx_word' id='word_1_188' title='bbox 1093 3010 1239 3070; x_wconf 80' lang='lat' dir='ltr'>datis</span> <span class='ocrx_word' id='word_1_189' title='bbox 1261 3012 1474 3071; x_wconf 85' lang='lat' dir='ltr'>alterna</span> <span class='ocrx_word' id='word_1_190' title='bbox 1492 3027 1804 3092; x_wconf 69' lang='lat' dir='ltr'>gementeS,</span> 
     </span>
    </p>
   </div>
  </div>
 </body>
</html>
