2079 3613
532 299 642 358 283
777 300 1215 363 ΤΗΕΒΑῙΒΟΒ,
1267 299 1410 348 mn.
1464 301 1565 349 xx.
1699 281 1822 351 2'55

330 397 612 475 Gurgitis,
644 398 916 477 effugiens
940 399 1236 478 invenerat
1256 396 1416 452 hasta
1440 412 1719 451 cruorem.·

325 481 535 558 Figitur
555 499 610 542 et
635 486 847 541 validos
869 486 1098 560 sonipes
1123 480 1340 538 AEtolus
1361 483 1416 536 in
1443 499 1656 546 armos,

321 569 672 647 Exsiluitque
702 570 810 627 alte
837 572 890 627 vi
919 569 1147 639 morti5‚
1179 581 1233 624 et
1257 588 1379 623 aera
1406 564 1663 642 pendens

323 655 621 714 Verberat.
655 656 818 711 Haud
845 668 1032 711 tamen
1061 667 1143 709 est
1166 652 1420 710 turbatus
1440 651 1666 714 flumine

527 744 766 800 ductor:

317 826 429 883 Sed
454 828 753 884 miseratur
781 835 1023 914 equum3
1053 845 1371 901 magnoque
1393 845 1423 880 e
1449 820 1681 879 vulnere

544 912 717 967 telum

316 995 528 1049 Exuit
512 1016 634 1068 lpse
664 1012 891 1069 gemens
909 1035 925 1062 2
955 1006 1010 1049 et
1036 1006 1237 1067 sponte
1263 992 1472 1047 remisit
1497 991 1764 1047 habenas.

316 1077 461 1132 Inde
488 1076 667 1151 pedes
691 1076 899 1151 repetit
922 1094 1139 1151 pugnas
1156 1115 1171 1143 ‚
1199 1093 1500 1149 gressuque
1528 1115 1544 1144 ‚

545 1181 824 1237 manuque
985 1159 992 1170 “

317 1249 558 1305 Certior.
587 1250 657 1303 Et
683 1269 909 1323 segnem
934 1248 1192 1307 Nomium
1212 1289 1228 1315 ‚
1258 1248 1573 1322 sortemque

536 1337 811 1392 Mimanta
829 1378 845 1407 ‚

311 1417 727 1498 Thebaeumqne
749 1421 1022 1497 Lychan‚'
1048 1418 1584 1498 Anthedoniumque

525 1510 798 1586 Lycetum

306 1589 609 1646 Continuat
635 1594 784 1647 ferro
803 1633 818 1655 ,
852 1590 1201 1668 geminisque
1227 1608 1257 1645 e
1282 1586 1545 1645 fratribus
1566 1604 1739 1641 unum

311 1673 696 1747 Thespiaden.
727 1673 939 1730 Eadem
965 1673 1220 1750 poscenti
1240 1675 1351 1730 fata
1381 1675 1650 1727 Panemo:

386 1781 415 1812 «
434 1758 581 1818 Vive
601 1772 881 1832 superstes
898 1798 914 1827 .,
938 1760 1043 1829 ait,
1075 1760 1319 1833 diraeque
1346 1760 1419 1814 ad
1437 1755 1638 1812 moenia

526 1841 758 1909 Thebes

313 1950 344 1980 α
364 1925 525 1981 Solus
553 1924 640 1980 abi
663 1968 678 1996 ‚
708 1927 935 1983 miseros
960 1946 1077 1981 non
1104 1925 1410 2000 decepture
1431 1936 1715 2001 parentes·

309 2036 339 2067 κ
357 2012 433 2069 Di
458 2011 628 2068 bene!
656 2012 810 2088 quod
834 2030 1052 2090 pugnas
1076 2011 1339 2087 rapidum
1363 2009 1564 2087 dejecit
1587 2009 1647 2063 in

527 2118 749 2154 amnem
838 2123 843 2129 ·

302 2209 333 2236 «
355 2185 661 2263 Sanguinea
687 2183 910 2240 Bellona
930 2189 1123 2242 manu!
1151 2183 1349 2239 Trahit
1376 2183 1523 2239 unda
1545 2180 1812 2237 timentes

300 2293 331 2323 οι
354 2269 587 2345 Gurgite
611 2269 837 2347 gentili,
864 2271 1012 2328 nuda
1038 2292 1143 2329 nec
1166 2269 1360 2328 flebitis
1384 2270 1580 2326 umbra

303 2379 334 2410 κ
352 2355 622 2412 Stridebit
647 2366 857 2413 vestros
881 2357 1113 2431 Tydeus
1138 2355 1458 2411 inhumatus
1476 2355 1550 2410 ad
1571 2353 1752 2431 ignes.

301 2462 331 2492 κ
351 2439 513 2519 Ibitis
533 2439 797 2514 aequoreis
818 2439 1065 2496 crudelia
1090 2439 1294 2516 pabula
1321 2439 1615 2496 monstris:

301 2548 331 2579 α
351 2522 516 2580 Illum
543 2536 687 2578 terra
714 2523 896 2593 vehit,
921 2543 1130 2598 suaque
1154 2525 1214 2579 in
1240 2522 1542 2598 primordia
1564 2521 1749 2579 solvit.
1766 2540 1798 2570 n

368 2610 461 2667 Sic
486 2608 691 2686 premit
716 2609 997 2676 adversm,
1023 2620 1082 2663 et
1107 2607 1332 2663 acerbat
1353 2607 1586 2663 vulnera
1613 2603 1800 2661 dictis.

291 2694 365 2750 Et
391 2713 544 2749 nunc
576 2711 704 2749 ense
728 2693 857 2748 furi!
879 2735 895 2762 ‚
923 2710 1076 2748 nunc
1096 2691 1201 2748 tela
1226 2691 1474 2748 natantia
1499 2702 1729 2767 raptans

293 2778 503 2854 Ingerit
529 2796 543 2832 ε
573 2779 825 2855 innuptae
850 2776 1109 2834 comitem
1135 2776 1398 2834 Therona
1420 2775 1646 2844 Dianae,

293 2863 732 2937 Ruricolamque
758 2867 957 2940 Gyan,
986 2883 1112 2920 eum
1137 2863 1432 2938 fluctivago
1442 2859 1690 2936 Ergino,

292 2947 694 3022 Intonsumque
718 2948 971 3019 Hersen,
1004 2952 1569 3073 contemptoremque

509 3033 775 3107 profundi
