2079 3613
580 269 691 334 505
848 276 1255 329 ‘rnssnunos
1274 310 1293 342 ,
1326 279 1490 330 ma.
1538 280 1617 330 x.
1740 268 1859 331 301

365 370 552 428 Flevit
582 372 928 450 z'Amyelaeis
954 374 1158 430 Triviae
1180 373 1450 449 lugebere
1475 375 1759 452 nymphis.

360 458 436 513 Et
461 478 582 530 quae
610 472 657 515 te
682 457 864 533 lege&
892 472 1287 535 praeceptaque
1313 460 1480 515 sortia
1508 459 1642 515 belli

362 544 579 599 Erudiit
609 544 876 618 genitrix,
903 543 1138 599 nimium
1162 543 1425 600 didicisse
1455 556 1746 619 queretur.

436 628 586 683 Talis
609 628 881 684 Echionio
909 631 1140 685 Mavors
1165 628 1220 683 in
1250 626 1442 685 limine
1466 629 1640 685 saevit.

362 714 614 768 Tandem
639 712 889 769 humeris
909 712 1149 768 obnixus
1168 717 1389 783 Acron,
1420 726 1478 770 et
1498 725 1732 789 pectore
1752 722 1872 768 toto

361 800 577 854 Pronus
601 813 656 855 et
683 797 1044 853 Alcmenides
1070 800 1292 854 ferratae
1319 800 1518 855 robora
1540 810 1719 874 portae

249 942 270 948 γι
362 886 690 940 Torserunt.
720 888 943 954 Quanta
967 884 1186 957 pariter
1212 885 1435 942 cervice
1463 897 1753 960 gementes

357 967 716 1042 Perfringunt
740 967 952 1021 inarata
974 966 1073 1021 diu
1089 968 1320 1041 Pangaea
1344 970 1585 1043 juvenci.

360 1053 470 1109 Par
493 1050 683 1124 operis
704 1050 919 1125 jactura
943 1047 1105 1104 lucro
1126 1069 1138 1101 ε
1167 1050 1381 1125 quippe
1401 1049 1565 1112 hoste
1587 1064 1833 1123 retento,

361 1134 668 1191 Exclusere
693 1154 841 1190 suos.
866 1131 1033 1192 Cadit
1061 1132 1207 1189 intra
1232 1132 1434 1202 moenia
1460 1134 1666 1190 Graius

363 1221 672 1302 Orrnenu5‚
700 1232 753 1277 et
791 1239 999 1296 pronas
1025 1218 1309 1275 tendentis
1332 1219 1655 1296 Arnyntoris
1676 1220 1865 1293 ulnam,

362 1305 791 1381 Fundentisque
818 1323 1018 1379 preces
1035 1346 1053 1375 ‚
1082 1306 1311 1381 penitus
1338 1305 1558 1362 cervice
1582 1305 1760 1362 recisa
1781 1347 1802 1371 ,

358 1390 547 1447 Verba
572 1390 690 1447 solo
707 1434 721 1458 ‚
750 1389 1048 1466 vultusque
1074 1390 1314 1447 cadunt:
1347 1390 1604 1467 colloque
1625 1390 1866 1447 decorus

362 1475 602 1551 Torquis
624 1475 683 1531 in
706 1476 938 1534 hostiles
960 1476 1165 1553 cecidit
1190 1497 1297 1553 per
1322 1475 1527 1535 vulnus
1553 1497 1768 1533 arenas.

433 1560 685 1619 Solvitur
708 1562 922 1617 interea
949 1561 1157 1620 vallum
1177 1603 1193 1630 ‚
1221 1564 1526 1638 primaeque
1556 1573 1819 1618 recusant

360 1646 521 1702 Stare
546 1665 732 1702 morae.
762 1647 892 1702 Jam
917 1665 975 1701 se
1001 1644 1255 1719 peditum
1282 1648 1513 1717 junxere
1541 1658 1775 1703 catervae

361 1726 642 1784 Moenibus
665 1748 680 1798 ;
708 1741 767 1783 at
790 1727 1010 1802 patulas
1037 1730 1182 1784 saltu
1209 1730 1591 1794 transmittere
1617 1731 1798 1786 fossas

355 1811 575 1868 Horror
600 1812 788 1888 equis:
810 1810 1027 1867 haerent
1055 1812 1295 1888 trepidi,
1326 1826 1493 1888 atque
1519 1814 1756 1870 immane

586 1909 901 1972 paventes.‚
1054 1908 1059 1914 ’
1094 1908 1099 1913 ’
1650 1958 1655 1965 ,

360 1981 683 2058 Abruptum
711 1979 983 2041 mirantur
1006 1981 1095 2056 agi
1124 2000 1137 2036 ε
1165 2001 1314 2038 nunc
1340 1981 1580 2057 impetus
1604 1981 1686 2038 ire

358 2067 617 2143 Margine
644 2066 715 2122 ab
743 2073 994 2123 extremo
1013 2108 1030 2137 ,
1060 2085 1216 2123 nunc.
1229 2077 1428 2143 sponte
1456 2066 1512 2123 in
1537 2067 1694 2124 frena

571 2153 865 2210 recedunt.

358 2238 434 2295 Hi
458 2240 682 2315 praefixa
709 2238 825 2296 solo
847 2236 1060 2296 vellunt
1086 2238 1393 2296 munimina
1415 2257 1430 2294 ε
1459 2252 1515 2296 at
1539 2238 1618 2294 illi
1690 2288 1691 2293 ,

351 2325 653 2381 Portarum
677 2327 930 2398 objectus
954 2327 1209 2383 minuunt
1230 2371 1244 2395 ‚
1274 2339 1331 2382 et
1358 2328 1537 2383 ferrea
1567 2326 1769 2382 sudant

361 2408 616 2463 Claustra
643 2408 886 2472 remoliri
910 2448 925 2476 ,
961 2409 1324 2484 trabibusque
1350 2422 1562 2465 arctata
1589 2429 1790 2468 sonoro

358 2488 583 2544 Pellunt
607 2509 738 2545 saxa
765 2490 886 2544 loco
912 2508 925 2544 τ
956 2511 1087 2565 pars
1113 2495 1181 2548 ad
1214 2492 1432 2569 fastigia
1451 2493 1645 2548 missas'

359 2571 661 2630 Exsultant
684 2570 900 2628 haesisse
923 2574 1075 2628 faces
1105 2593 1119 2628 z
1148 2596 1280 2648 pars
1306 2577 1411 2629 ima
1440 2576 1747 2645 lacessunt,

355 2662 795 2732 Scrutanturque
821 2677 985 2713 cavas
1012 2677 1156 2712 caeca
1188 2659 1462 2714 testudine
1492 2671 1690 2715 turreS.

432 2746 511 2801 At
532 2741 726 2820 Tyrii,
754 2762 877 2820 quae
902 2743 1017 2799 sola
1045 2743 1221 2813 saluS,
1251 2755 1422 2821 caput
1450 2764 1614 2800 omne

584 2841 858 2888 coronant

307 2940 312 2946 =
358 2915 646 2970 Murorum
670 2957 685 2984 ,
714 2915 1009 2991 nigrasque
1035 2914 1202 2973 sudes
1219 2959 1237 2984 ,
1265 2928 1324 2972 et
1348 2913 1536 2972 lucida
1564 2918 1710 2975 ferro

359 2999 586 3075 Spicula
603 3041 622 3073 .,
650 3014 707 3058 et
733 3003 950 3060 arsuras
973 3001 1096 3062 coeli
1118 3023 1226 3080 per
1251 3002 1439 3060 inania
1466 3001 1695 3081 glandes
1711 3048 1728 3080 ,
