2079 3613
382 305 487 363 297
627 285 1069 349 THEBAIDOS,
1126 289 1267 336 LIB.
1324 291 1439 338 111.
1664 284 1742 362 67

254 407 284 437 α
303 384 694 461 Divorumque
714 383 1118 458 hominumque
1148 384 1283 439 meis
1310 403 1604 442 occurrere
1627 386 1754 444 telis

249 491 281 521 α
300 470 540 546 Impune
556 510 572 537 ‚
594 482 649 525 et
670 467 851 525 media
880 469 1139 543 quamvis
1161 467 1219 521 in
1243 467 1391 523 caede
1415 466 1747 540 frementcS‚

249 576 280 605 ι(
299 554 417 610 Hos
457 554 715 611 assistere
752 573 928 630 equos
944 595 960 625 ‚
998 551 1155 610 hunc
1194 573 1382 609 ensem
1418 551 1664 609 avellere

342 649 345 650 ’
394 637 612 693 dextra.

247 744 277 774 κ
299 722 421 779 Nec
441 721 577 778 mihi
601 723 816 779 Sidonii
839 722 1102 798 genitalia
1130 723 1345 781 foedera
1372 721 1608 792 Cadmi,

248 830 279 860 α
300 808 419 863 Nec
448 822 542 865 tua
570 829 696 865 cara
724 809 863 866 fides
892 809 994 889 (ne
1008 805 1160 873 salsa
1189 809 1465 864 incessere
1490 802 1710 884 gaude)

249 913 279 942 «
298 890 656 947 Exciderunt.
681 893 838 949 Prius
859 893 915 947 in
939 893 1125 969 patrui
1149 894 1304 948 Deus
1329 892 1508 948 infera
1535 912 1754 966 mergar

248 998 279 1027 ιι
298 976 498 1049 Stagna
516 1018 532 1046 ‚
552 991 607 1031 et
629 974 901 1051 pallentes
918 997 1055 1052 agar
1072 990 1388 1032 exarmatus
1410 979 1482 1034 ad
1502 977 1745 1032 umbras,

250 1083 280 1113 ι(
301 1062 415 1117 Sed
427 1080 576 1116 nunc
589 1066 849 1113 Fatorum
860 1063 1129 1127 monitus,
1143 1076 1491 1135 mentemque
1507 1062 1752 1136 supremi

249 1168 279 1197 κ
298 1148 329 1199 J
334 1163 487 1198 ussus
515 1142 668 1197 obire
691 1162 900 1217 ·pa..·5,
931 1140 1153 1221 (neque
1181 1143 1330 1198 enim
1349 1143 1622 1199 Vulcania
1649 1143 1750 1199 tali

248 1252 279 1281 «
300 1225 551 1302 Imperio
580 1247 772 1283 manus
806 1239 937 1304 apta
963 1224 1110 1307 legi)
1142 1248 1253 1302 quo
1292 1241 1526 1305 pectore
1554 1240 1751 1283 contra

249 1335 279 1364 «
300 1314 390 1368 Ire
409 1315 447 1369 J
450 1333 608 1372 ovem
625 1355 639 1381 ,
663 1311 950 1388 dictasque
968 1331 1167 1386 parem
1188 1314 1544 1368 contemnere
1560 1309 1755 1389 leges?
1777 1361 1778 1364 ,

251 1419 281 1450 κ
302 1395 410 1452 Cui
435 1397 631 1466 mod0,
654 1418 757 1474 pro
782 1394 960 1453 vires!
989 1408 1195 1467 terraS‚
1225 1396 1534 1473 coelumque
1553 1439 1569 1468 ‚

396 1484 713 1559 fretumque
734 1527 750 1554 ‚

253 1591 283 1621 α
302 1569 619 1626 Attremere
647 1570 861 1640 oranti,
892 1584 1187 1645 tantosque
1217 1591 1284 1626 ex
1309 1571 1507 1626 ordine
1535 1571 1651 1628 vidi

254 1676 282 1706 «
303 1654 596 1712 Delituisse
622 1657 793 1712 Deos..
818 1656 931 1712 Sed
959 1678 1030 1712 ne
1059 1655 1195 1712 mihi
1217 1656 1386 1714 corde
1412 1677 1700 1733 supremos

253 1760 281 1788 c<
304 1739 558 1816 Concipe
576 1781 592 1810 ⁷
623 1759 782 1810 cara,
812 1754 990 1797 metus
1019 1783 1035 1812 ‚
1074 1741 1297 1818 quando
1331 1742 1449 1797 haec
1479 1754 1693 1799 mutare

396 1837 646 1896 potestas

252 1931 282 1960 <r
304 1904 466 1961 Nulla
484 1905 663 1962 datur.
677 1910 819 1963 Cum
835 1909 948 1982 jam
964 1908 1154 1982 Tyriis
1172 1911 1273 1965 sub
1287 1910 1557 1966 moenibus
1573 1912 1749 1968 ambae

253 2016 281 2044 α
301 1990 593 2047 Bellabunt
612 2006 831 2067 genteS‚
855 1991 1026 2047 adero
1045 2034 1061 2062 ‚
1093 2006 1145 2049 et
1173 1993 1323 2049 socia
1350 2014 1500 2049 arma
1518 1995 1749 2070 juvabO.
1789 2000 1804 2005 ³

255 2099 284 2127 «
309 2077 474 2130 Tunc
494 2098 581 2132 me
607 2077 912 2154 sanguineo
939 2077 1050 2134 late
1079 2079 1367 2138 defervere
1396 2100 1595 2158 campo

253 2185 282 2214 e<
303 2163 415 2218 Res
443 2184 611 2239 super
630 2165 924 2241 Argolicas
949 2166 1103 2221 haud
1129 2167 1208 2223 sic
1237 2167 1463 2242 dejecta
1495 2167 1745 2227 videbis:

253 2270 282 2299 «
304 2250 429 2305 Hoc
462 2250 601 2305 mihi
630 2253 717 2326 jus
738 2293 754 2321 ‚
794 2272 900 2308 nec
945 2255 1088 2308 Fata
1117 2265 1330 2310 vetant.
1363 2278 1392 2307 >²
1438 2253 1529 2314 Sic
1558 2275 1749 2328 orsam,

399 2348 596 2409 aperto

252 2418 302 2471 F
308 2414 584 2491 lagrantes
610 2418 833 2475 immisit
861 2440 1049 2496 equos.
1078 2422 1204 2477 Non
1231 2424 1387 2479 ocius
1414 2423 1512 2480 alti

251 2501 320 2553 In
348 2511 525 2553 terras
553 2502 705 2556 cadit
732 2504 811 2557 ira
838 2507 874 2559 J
878 2506 1028 2575 ovis,
1058 2505 1102 2559 si
1131 2505 1361 2580 quando
1385 2508 1633 2565 nivalem

247 2582 508 2658 Othryn,
537 2597 595 2637 et
617 2584 839 2638 Arctoae
858 2588 1102 2660 gelidum
1130 2602 1298 2663 caput
1330 2590 1529 2646 institit
1564 2591 1716 2646 Ossae
1732 2630 1762 2673 ,-

251 2668 621 2742 Armavitque
644 2669 700 2722 in
723 2668 871 2726 nube
895 2684 1140 2724 manum.
1164 2671 1335 2727 Volat
1358 2673 1520 2748 ignea
1538 2675 1718 2730 moles

254 2757 402 2811 Saeva
430 2752 539 2808 Dei
563 2753 822 2809 mandata
850 2754 1064 2822 feren33
1097 2754 1412 2832 coelumque
1438 2755 1667 2813 trisulca

256 2838 499 2897 Territat
520 2859 681 2895 omne
701 2860 858 2896 coma
877 2883 892 2911 ‚
911 2841 1243 2917 jamdudum
1267 2855 1361 2897 aut
1378 2841 1586 2899 ditibus
1610 2846 1753 2921 agris

258 2923 419 2997 Signa
446 2923 582 2980 dare
603 2966 618 2994 ‚
652 2938 747 2980 aut
765 2937 942 3002 ponto
970 2926 1205 2983 miseros
1226 2926 1514 2985 involvere
1532 2944 1749 2990 nautas·

330 3009 560 3089 Jamque
588 3029 878 3071 remensus
904 3011 1019 3070 iter
1044 3013 1190 3071 fesso
1217 3013 1463 3073 Danaeia
1489 3015 1716 3098 Tydeus
