2079 3613
501 344 605 418 327
742 329 1177 406 THEBAiDOS,
1229 346 1370 393 Lm.
1421 348 1527 394 x1.
1652 335 1778 395 333

289 438 477 495 Mater
493 480 507 506 .,
539 451 595 493 et
619 440 739 513 ipse
764 450 919 494 metu
939 480 955 509 ,
984 436 1362 514 famulumque
1386 438 1658 514 expalluit

517 526 694 579 omnis

292 608 511 676 Coetus,
543 622 597 664 et
624 609 867 665 oblatam
888 622 1039 664 retro
1072 608 1230 665 dedit
1251 608 1491 681 armiger
1513 607 1747 663 hastam.

370 717 397 745 «
417 695 555 766 Quis
579 694 771 752 furor?
797 694 962 751 Unde
989 694 1195 751 iterum
1219 694 1376 767 regni
1401 693 1679 769 integrata

498 780 745 854 resurgit
773 805 778 810 ²

297 888 325 916 t<
346 861 656 920 Eumenis?
679 865 789 940 ipsi
815 866 986 921 etiam
1008 879 1140 940 post
1163 866 1351 920 omnia
1379 867 1630 922 cominus
1648 866 1757 942 ipsi

292 974 322 1003 κ
347 949 611 1005 stabitis?
631 970 809 1024 usque
831 950 973 1004 adeo
994 951 1234 1024 geminas
1255 950 1476 1008 duxisse
1498 953 1759 1009 cohortes
1773 991 1790 1022 ,

295 1057 325 1085 «
347 1036 417 1088 Ει
443 1034 658 1088 facinus
683 1032 973 1088 mandasse
999 1053 1199 1108 parum
1224 1032 1350 1090 est?
1374 1055 1486 1109 quo
1511 1035 1718 1093 deinde

475 1120 481 1126 “
518 1116 722 1173 redibit

302 1224 331 1252 «
351 1199 595 1258 Victor?
621 1202 678 1255 in
700 1200 873 1257 hosne
899 1198 1092 1257 sinus?
1116 1221 1149 1255 o
1179 1200 1286 1255 din-i
1319 1202 1565 1275 conjugis
1590 1202 1724 1258 olim

300 1308 331 1337 «
351 1284 561 1340 Felices
579 1286 854 1342 tenebrae!
878 1286 1043 1355 datis,
1061 1286 1318 1361 improba
1337 1283 1795 1362 lumina,.poena5.

300 1395 334 1421 α
355 1373 485 1425 Haec
511 1371 819 1447 spectanda
844 1371 965 1428 dies
986 1377 999 1429 ἔ
1028 1391 1165 1447 quc,
1195 1391 1337 1430 saeve
1357 1414 1376 1440 ,
1403 1369 1679 1448 minantia

524 1457 700 1513 flectis

308 1539 517 1611 «¹0ra?
541 1555 681 1629 quid
706 1555 947 1611 alternos
974 1554 1161 1613 vultus
1180 1597 1196 1626 ,
1223 1553 1516 1631 pallorque

530 1640 813 1715 ruborque

307 1761 337 1790 «
358 1739 542 1793 Mutat
559 1778 575 1808 ‚
607 1750 663 1791 et
690 1734 882 1791 obnixi
907 1736 1173 1810 frangunt
1196 1736 1339 1791 mala
1367 1754 1652 1791 murmura

523 1823 762 1878 dentes?

307 1931 336 1960 «
358 1911 450 1964 Me
480 1907 769 1964 iniseram!
792 1907 1001 1963 vinces,
1025 1906 1182 1962 Prius
1201 1906 1320 1962 haec
1346 1919 1533 1962 tamen
1556 1924 1708 1960 arma

499 1984 750 2050 ‘necesse
778 2005 864 2049 est

308 2114 337 2143 κ
356 2090 662 2166 Experiere
689 2090 859 2146 domi.
888 2088 1062 2147 Stabo
1090 2090 1213 2168 ipso
1240 2091 1297 2146 in
1327 2088 1514 2156 limine
1541 2100 1749 2165 portae,

308 2198 336 2227 α
356 2175 688 2252 Auspicium
713 2175 939 2244 infelix,
969 2176 1355 2252 scelerumque
1382 2173 1636 2231 immanis

530 2263 734 2338 imago.

308 2382 337 2411 α
360 2351 489 2414 Haec
514 2359 619 2413 tibi
645 2360 879 2416 canities
897 2401 912 2428 ,
939 2359 1062 2415 haec
1090 2373 1215 2414 sunt
1243 2360 1514 2415 calcanda
1533 2401 1550 2428 ,

529 2442 805 2511 nefande,

311 2553 340 2581 ι(
361 2527 553 2583 Ubera
580 2545 594 2595 ;
623 2546 841 2601 perque
869 2540 1084 2582 uterum
1112 2526 1336 2602 sonipes
1360 2526 1451 2581 hic
1478 2527 1673 2582 matris

531 2609 798 2685 agendus.
1423 2670 1426 2673 Δ

312 2735 340 2764 α
361 2712 529 2764 Parce
554 2725 567 2761 :
592 2705 731 2785 quid
755 2705 1074 2784 oppositam
1100 2704 1302 2784 capulo
1328 2725 1636 2780 parmaque

537 2789 803 2871 repellis?

313 2919 339 2946 «
365 2894 496 2948 Non
520 2914 622 2969 ego
648 2906 703 2948 te
732 2904 926 2948 eontra
951 2889 1155 2969 Stygiis
1176 2889 1369 2946 feralia
1395 2890 1550 2945 sanxi

313 3004 340 3032 «
365 2981 512 3036 Vota
537 2981 702 3049 Deis.‚
729 2991 873 3035 caeco
893 2998 999 3034 nec
1024 2976 1298 3054 Erynnias
1324 2996 1422 3032 ore
1447 2977 1657 3053 rogavi.

314 3090 342 3120 ι(
366 3065 581 3127 Exaudi
600 3066 887 3157 miseram.
916 3063 1176 3124 Genitrix
1198 3076 1286 3136 te,
1317 3082 1490 3137 saeve,
1519 3076 1803 3151 precatur,
