2079 3613
72 2960 81 3023 ᾼμ-Ἵᾼ
70 2344 79 2953 W

332 273 414 334 90
563 227 568 236 ’
638 260 1081 322 mmmmm,
1135 258 1280 308 mn.
1331 259 1437 312 ιν.
1542 262 1648 334 19⁸

233 410 239 415 .
329 357 606 433 Deposuit
641 378 817 414 nexus
849 355 1009 412 haud
1047 365 1273 424 moesta,
1311 367 1477 429 atque
1511 353 1742 431 insuper

518 440 695 498 ‘addit
721 465 734 498 ε

408 549 437 578 <c
457 526 508 581 N
511 545 584 581 on
602 526 726 582 haec
749 538 883 600 apta
902 523 1041 579 mihi
1061 522 1250 578 nitidis
1273 523 1598 594 ornatihuS‚
1616 524 1830 601 inquit,

331 633 359 662 α
383 603 664 687 Tempora
684 654 701 677 ‚
729 631 837 666 nec
864 610 1077 666 miserae
1101 609 1366 683 placeant
1389 608 1622 688 insigni-a
1644 614 1836 669 sormoe

331 716 358 745 κ
382 695 464 749 Te
493 695 632 749 sine.
659 695 756 751 Sat
782 693 1015 749 dubium
1045 707 1194 750 coetu
1217 693 1434 749 solante
1462 692 1721 750 timorem

336 801 363 831 α
383 779 632 848 Fallere,
663 792 719 834 et
740 777 974 834 incultos
1001 778 1111 834 aris
1140 779 1435 833 advertere
1464 778 1660 836 crineS.

336 885 364 914 κ
386 863 610 919 Scilicet
641 862 789 941 (heu
812 861 1036 940 superi)
1067 883 1196 918 cum
1223 875 1286 918 tu
1312 862 1540 918 eludare
1557 867 1764 922 minaci

335 970 366 999 κ
386 947 635 1015 Casside,
657 950 1005 1023 ferratusque
1031 966 1195 1004 sones
1213 989 1228 1016 ‚
1256 966 1361 1021 ego
1387 945 1572 1004 divitis
1592 969 1790 1005 aurum

339 1055 367 1083 «
389 1033 719 1089 Harmonies
745 1031 934 1089 dotale
962 1029 1199 1106 geram?
1223 1030 1384 1087 dabit
1409 1030 1594 1107 aptior
1615 1031 1720 1089 ista

336 1140 369 1167 t·
390 1118 525 1177 Fors
558 1121 707 1176 Deus
726 1160 742 1189 ‚
779 1118 1174 1194 Argolicasque
1205 1115 1404 1172 habitu
1441 1116 1718 1190 praestabo

547 1218 807 1271 marnam,

341 1309 370 1338 κ
395 1287 540 1341 Cum
562 1287 705 1361 regis
729 1281 950 1361 conjux,
971 1306 1117 1357 cum,
1146 1299 1199 1341 te
1219 1286 1355 1342 mihi
1376 1287 1607 1363 sospite,
1631 1289 1842 1366 templa

337 1394 367 1425 α
392 1370 612 1426 Votivis
630 1369 925 1446 ,implenda
955 1372 1138 1428 choris
1162 1391 1182 1426 t«
1204 1393 1358 1429 nunc
1385 1374 1578 1429 induat
1600 1372 1692 1429 ina
1710 1416 1728 1444 ‚

342 1478 371 1507 ι(
392 1463 528 1529 Quae
547 1456 721 1531 petit,
744 1469 799 1512 et
818 1453 1061 1512 bellante
1081 1470 1269 1534 potest
1291 1451 1539 1535 gaudere
1559 1457 1782 1515 marim.
1806 1480 1836 1511 ιο

410 1542 500 1598 Sic
526 1540 875 1617 Eriphylaeos
900 1562 1094 1598 aurum
1119 1546 1287 1599 fatale
1311 1557 1545 1618 penates

336 1625 551 1702 Irrupit
565 1668 579 1694 ‚
601 1627 981 1701 scelerumque
1009 1626 1255 1703 ingentia
1284 1629 1498 1683 semina
1521 1628 1696 1686 movit
1714 1669 1730 1698 ,

338 1714 410 1768 Et
437 1732 600 1787 grave
628 1710 937 1788 Tisiphone
960 1713 1081 1767 risit
1110 1713 1295 1786 gavisa
1322 1715 1540 1771 suturis.

408 1795 680 1852 Taenariis·
703 1796 792 1852 hic
817 1798 992 1853 celsus
1020 1798 1176 1873 equis
1195 1842 1211 1865 ,
1243 1820 1412 1875 quam
1440 1799 1672 1876 dispare
1694 1813 1840 1858 coetu

337 1881 599 1960 Cyllarus
620 1883 809 1957 ignaro
830 1898 1122 1958 generarat
1152 1885 1388 1942 Castore
1409 1889 1652 1961 prolem,

270 2034 286 2044 ἢ
336 1969 1044 2040 Quassathumum.Vatem
1061 1970 1214 2025 cultu
1226 1971 1518 2026 Parnassia
1532 1982 1843 2028 monstrant
1898 1993 1906 2001 ·

336 2052 595 2123 Vellera,
626 2053 909 2109 frondenti
939 2055 1177 2110 crinitur
1204 2055 1373 2110 cassis
1404 2053 1583 2124 oliva,

337 2136 595 2212 Albaque
618 2139 880 2213 puniceas
905 2138 1234 2212 interplicat
1259 2138 1434 2193 infula
1460 2137 1669 2195 cristas-

337 2222 511 2277 Arma
545 2222 703 2279 simul
721 2242 745 2291 ‚‘
772 2225 1293 2299 pi'ensasque‘jugo
1334 2222 1662 2280 moderatur

561 2309 831 2368 habenas.
1572 2363 1576 2366 ,

338 2394 513 2464 Hinc,
543 2409 710 2472 atque
752 2398 884 2452 inde
915 2415 1085 2450 morae
1111 2391 1306 2466 jaculis
1328 2433 1344 2461 .,
1387 2407 1443 2448 et
1470 2393 1645 2448 ferrea
1675 2414 1842 2450 curru

275 2540 281 2545 ,
340 2480 491 2563 Silva
506 2484 714 2537 tremit.
729 2479 933 2536 Procul
950 2480 1071 2554 ipse
1086 2477 1242 2552 gravi
1259 2479 1596 2535 metuendus
1610 2478 1667 2534 in
1682 2479 1842 2537 hasta

341 2569 560 2624 Eminet
577 2611 592 2638 .,
624 2581 681 2622 et
705 2566 910 2640 clypeo
935 2565 1147 2621 victum
1172 2565 1426 2642 Pythona
1448 2581 1729 2622 coruscat.

341 2655 521 2728 Huius
551 2651 859 2728 Ap'ollineae
877 2671 1105 2707 currum
1125 2655 1462 2708 comitantur
1482 2651 1721 2728 Amyclae
1735 2693 1752 2723 ,

342 2743 498 2812 Quos
523 2736 716 2814 Pylos,
749 2747 803 2788 et
831 2735 1014 2792 dubiis
1044 2738 1225 2793 Malea
1251 2739 1424 2793 vitata
1456 2738 1688 2806 carinis.,

345 2821 757 2895 Plaudentique
782 2820 996 2879 habiles
1022 2823 1198 2880 Cariae
1220 2844 1477 2881 resonare
1505 2823 1727 2889 Dianae,

300 2903 306 2907 ”
347 2913 500 2981 QUOS
534 2906 756 2975 Pharis,
794 2908 1189 2988 volucrumque
1223 2930 1430 2989 parens
1460 2907 1771 2987 Cythereia

505 2991 510 2995 ’
563 2995 740 3049 Messe
758 3038 781 3064 ,
