2079 3613
445 329 552 388 510
694 331 1145 392 ΤΗΕΒΑῙΒοε,
1200 331 1345 380 ΜΒ.
1441 329 1548 380 1v.
1683 341 1798 383 101

315 454 344 484 κ
365 431 478 488 Ora
498 431 677 500 secui,
700 445 795 487 aut
815 450 986 506 aegras
1009 430 1332 485 functorum
1352 448 1584 504 carpere
1603 427 1810 487 fibras?

236 573 237 576 ,
314 540 342 569 ι(
367 518 452 573 Ne
491 531 691 575 tenues
729 534 905 573 annos
926 557 941 586 ‚
984 514 1304 590 nubemque
1340 512 1488 570 hanc
1519 514 1721 571 frontis

518 624 708 681 opacae
724 645 742 675 ,

308 717 337 747 κ
360 696 619 771 Spernite
638 738 654 768 ,
681 718 781 765 ne,
807 715 1009 752 moneo
1025 737 1041 765 ‚
1069 709 1124 751 et
1150 695 1313 751 nobis
1339 693 1526 752 saevire
1555 691 1810 750 facultas.

310 802 338 832 «
361 782 573 838 Scimus
591 782 735 838 enim
747 826 760 849 ‚
774 795 832 837 et
848 780 1126 856 quidquid
1140 780 1269 846 dici,
1288 779 1559 853 noscique
1576 776 1806 847 timetiS‚

311 890 339 919 «
362 869 428 923 Et
451 869 677 924 turbare
698 870 975 936 Hecaten,
997 865 1059 920 ni
1077 879 1150 935 te,
1175 863 1530 941 Thymbraee,
1552 880 1808 921 vererer:

312 974 340 1004 α
361 953 431 1008 Et
469 951 703 1030 triplicis
739 951 933 1007 mundi
966 970 1281 1020 summum,
1321 968 1487 1025 quern
1525 948 1665 1005 scire

522 1038 800 1091 nefastum
824 1045 938 1102 est;

312 1149 339 1178 «
362 1125 529 1181 Illum
555 1124 656 1178 sed
684 1137 872 1179 taceo.
899 1121 1168 1196 prohibet
1197 1123 1500 1198 tranquilla
1530 1133 1810 1179 senectus.

313 1209 603 1284 «Jamque
645 1229 749 1285 ego
788 1226 978 1265 VOS...·
1004 1206 1195 1265 Avide
1235 1206 1440 1266 subicit
1476 1205 1742 1265 Phoebeia

536 1297 771 1356 Manto?

307 1412 335 1442 ‹<
356 1390 586 1447 Audiris
607 1434 623 1462 ‚
660 1394 877 1468 genitor
899 1394 910 1450 !
930 1377 1264 1472 *vulgusque
1311 1414 1600 1472 exsangue·

532 1480 896 1555 propinquat.

312 1593 339 1621 «
360 1569 626 1624 Panditur
650 1569 898 1647 Elysiiun
929 1573 1148 1641 Chaos,
1175 1588 1229 1630 et
1256 1573 1467 1631 telluris
1497 1586 1711 1650 opertae

311 1676 338 1706 «
360 1653 569 1710 Dissilit
606 1654 800 1710 umbra
841 1679 1054 1735 capax,
1096 1658 1388 1735 silvaeque,
1432 1672 1486 1716 et
1523 1660 1685 1736 nigra

530 1752 823 1816 patescunt

311 1854 338 1883 t<
361 1832 635 1884 Taitaia:
661 1832 899 1889 liventes
926 1837 1182 1894 Acheron
1209 1841 1412 1910 eiectat
1440 1858 1660 1893 arenas·

311 1939 339 1968 «
360 1914 625 1970 Fumidus
644 1926 764 1969 atra
784 1937 819 1973 v
807 1915 946 1971 adis
962 1918 1268 1995 Phlegeton
1289 1921 1548 1975 incendia
1570 1919 1767 1992 volvit,

310 2026 338 2054 «
358 2003 428 2056 Et
450 2003 590 2075 Styx
615 1999 870 2056 ἀίεοιεῑίε
896 2001 1150 2059 interflua
1177 2004 1434 2061 Manibus
1461 2006 1665 2060 obstat.

308 2109 335 2139 <t
358 2086 549 2161 Ipsum
575 2086 876 2160 pallentem
901 2088 1043 2144 solio
1061 2131 1078 2159 ‚
1104 2087 1738 2165 circumque‘ministras

307 2195 335 2224 «
358 2176 723 2229 Funestorum
752 2192 989 2249 operum
1018 2172 1390 2246 EumenideS,
1423 2174 1735 2253 Stygiaeque

522 2277 747 2313 severos

308 2371 337 2402 α
356 2350 393 2404 J
397 2349 598 2404 unonis
625 2349 899 2407 thalamos
916 2393 932 2422 ,
963 2364 1020 2429 et
1047 2366 1241 2411 moesta
1269 2354 1476 2411 cubilia
1495 2374 1683 2414 cerno,

306 2435 423 2489 «In
455 2435 701 2509 speculis
740 2438 899 2491 Mors
941 2448 1062 2492 atra
1098 2439 1290 2511 sedet,
1335 2439 1668 2517 dominique

530 2517 742 2572 silentis

306 2634 336 2665 κ
355 2607 698 2665 Adnumerat
716 2610 993 2684 populos:
1022 2617 1200 2687 major
1224 2614 1602 2689 supereminet
1639 2612 1801 2670 ordo.

305 2726 335 2755 α
357 2700 590 2757 Arbiter
607 2700 712 2758 hos
733 2699 869 2757 dura
895 2715 1082 2759 versat
1107 2705 1415 2779 Gortynius
1440 2725 1605 2772 urna,

304 2811 335 2863 ,ᾳ
350 2790 505 2846 Vera
524 2787 688 2844 minis
703 2807 945 2863 poscens
960 2831 975 2858 ‚
1000 2788 1287 2866 adigitque
1308 2790 1804 2867 expromerenvitas

265 2922 270 2926 .
307 2904 336 2935 α
355 2883 548 2957 Usque
576 2866 761 2953 retro,
785 2894 840 2940 et
858 2881 1100 2940 tandem'
1112 2903 1405 2960 poenarum
1425 2884 1583 2942 lucra
1608 2883 1796 2945 fateri.

307 2998 337 3028 α
357 2974 507 3048 Quid
519 2973 646 3116 ftibi
680 2986 931 3034 monstra
965 2975 1158 3051 Erebi,
1189 2976 1430 3055 Scyllas,
1468 2990 1526 3037 et
1555 2977 1718 3038 inane
1802 2980 1807 2984 ’

548 3070 772 3119 urentes
