2079 3613
564 318 634 390 45
729 316 1154 397 sumnum,
1208 307 1349 363 ΜΒ.
1402 314 1477 361 v.
1623 302 1772 395 577·

245 412 466 472 Pierio:
496 435 678 471 sumas
699 414 935 490 gemitus
956 455 972 482 ,
998 424 1056 467 et
1078 430 1306 467 munera
1326 409 1443 464 nati
1465 449 1481 479 ,

248 501 318 557 Et
344 498 793 577 lacryma5,1··a1i
817 516 955 573 quas
985 513 1273 570 nunquam
1302 490 1551 548 habuere

414 598 752 664 parentes.

324 674 515 747 Atque
545 669 755 725 utinam
786 668 1009 724 fortuna
1039 664 1175 721 mihi
1201 663 1336 720 da1e
1366 661 1621 720 manibus

474 775 628 826 araS,
738 822 741 823 ⁷

251 842 357 896 Par
382 841 609 916 templis
636 858 778 912 opus
797 879 811 904 ,
840 833 1154 913 aeriamque
1182 834 1423 893 educere
1444 831 1647 905 molem
1663 872 1681 902 ‚

254 925 568 999 Cyclopum
595 918 856 994 scopulos
879 918 1022 974 ultra
1059 932 1229 993 atque
1256 918 1490 976 audacia
1517 938 1649 975 saxa

249 1006 628 1082 Pyramidum,
660 1015 712 1058 et
742 1022 943 1077 magno
969 1002 1240 1059 tumulum
1262 1001 1572 1079 praetexere
1591 1005 1755 1061 luco!

251 1089 376 1145 Illic
404 1103 459 1145 et
488 1088 647 1146 siculi
673 1107 842 1163 supe1
844 1106 1020 1142 assem
1044 1090 1194 1143 dona
1221 1086 1497 1162 sepulcii,

254 1178 327 1233 Et
354 1180 589 1232 Nemees
615 1172 843 1242 ludum,
874 1187 929 1229 et
959 1174 1187 1249 Pelopis
1214 1172 1479 1228 solemnia
1507 1171 1708 1261 trunci.

255 1261 382 1319 Illic
402 1259 644 1318 OEbalio
671 1279 787 1315 non
813 1257 1055 1314 finderet
1081 1265 1209 1314 aena
1243 1257 1399 1315 disco

254 1347 563 1404 Graiorum
593 1347 679 1405 vis
705 1343 813 1401 ulla
837 1345 1057 1402 virum:
1090 1365 1201 1400 non
1232 1365 1366 1403 arva
1393 1345 1600 1421 'rigaret

255 1432 440 1490 Sudor
461 1452 698 1509 equum,
731 1443 826 1487 aut
848 1431 1001 1508 putri
1035 1430 1281 1486 sonitum
1302 1429 1458 1487 daret
1483 1429 1688 1508 ungula

475 1536 715 1594 campo:

262 1601 387 1665 Sed
407 1602 600 1671 Phoebi
621 1601 861 1676 simplex
886 1600 1109 1655 chorus.
1140 1599 1247 1654 Hic
1272 1600 1588 1657 frondentia
1665 1618 1668 1621 ’

400 1698 403 1701 ’
468 1698 663 1742 vatum

257 1769 482 1826 Pnaemia
508 1768 736 1827 laudato
755 1812 771 1841 ‚
802 1770 1060 1847 genitor,
1093 1767 1192 1825 tibi
1227 1769 1331 1825 rite
1355 1766 1623 1825 dicarem.

256 1850 405 1932 Ipse
413 1855 648 1912 madens
676 1856 974 1931 lacrymis,
1010 1854 1335 1911 umbrarum
1360 1854 1671 1931 animaeque

489 1927 750 1998 sacerdos
990 1949 1001 1957 ⁴

260 2024 622 2082 Praecinerem
649 2026 959 2103 gemitum,
985 2026 1076 2082 cui
1101 2038 1155 2082 te
1181 2043 1289 2082 nec
1316 2023 1599 2087 Cerberus

487 2109 644 2167 omni

261 2196 410 2266 Ore,
431 2214 541 2253 nec
567 2196 808 2273 Orpheae
834 2191 1065 2275 quirent
1094 2207 1345 2255 avertere
1374 2163 1558 2276 leges:

212 2353 215 2360 .
260 2284 466 2357 Meque
486 2281 708 2341 habitus
734 2305 1029 2361 moresque
1058 2297 1187 2342 tuos
1210 2298 1267 2341 et
1296 2285 1444 2341 facta
1470 2269 1769 2345 canentem

260 2369 401 2423 Fo1s
427 2381 486 2423 et.
510 2369 867 2442 magniloquo
894 2390 1009 2426 non
1035 2364 1448 2444 posthabuisset
1474 2373 1726 2429 Homero
1749 2414 1765 2442 ,

262 2451 547 2507 Tenderet
574 2465 631 2508 et
657 2452 826 2508 docto
854 2453 1032 2530 pietas
1060 2472 1283 2528 aequare
1313 2450 1559 2511 Maroni.

263 2538 379 2594 Cur
402 2535 577 2610 magis
603 2536 848 2594 incessat
878 2541 1154 2633 Superos,
1181 2550 1233 2594 et
1260 2538 1439 2596 ahena
1468 2542 1736 2599 Sororum

264 2620 544 2691 Stamina,
575 2641 697 2695 quae
723 2622 918 2697 tepido
945 2621 1189 2700 genitrix
1225 2642 1398 2698 super
1424 2646 1623 2721 aggere
1656 2626 1777 2684 nati

266 2706 420 2764 Orba
448 2702 645 2762 sedet?
672 2704 779 2761 vel
778 2727 911 2784 quae
937 2705 1194 2784 primaevi
1220 2708 1475 2785 conjugis
1500 2697 1687 2786 ignem

265 2791 507 2871 Aspicit,
541 2792 938 2872 obstantesque
966 2813 1194 2902 manu5‚
1226 2795 1562 2873 turbamque

497 2891 786 2935 tenentem

264 2961 493 3030 Vincit,
522 2962 580 3018 in
603 2962 931 3033 ardentem,
962 2962 1170 3048 liceat,
1188 2965 1461 3022 moritura
1477 2966 1774 3027 maritum?

274 3046 461 3118 Major
489 3061 643 3103 certe
680 3048 790 3107 illis
815 3050 1097 3128 SuperoS‚
1124 3061 1182 3106 et
1206 3054 1439 3108 Tartara
1465 3051 1685 3127 pulsem
1735 3119 1744 3128 l

395 3135 689 3197 ὅπη-ωε.
1459 3142 1532 3201 25
