2079 3613
483 224 587 300 867
725 223 1166 290 ΤΗΕΒΑωοε,
1219 202 1364 280 13113.
1417 232 1551 280 v1.·
1728 242 1849 302 ¹77

344 318 613 376 Pectora:
637 320 829 379 subdit
857 343 1013 380 amor
1033 324 1315 394 stimulos„
1339 338 1395 382 et
1412 325 1648 384 vulnera
1675 320 1872 385 sanat?

342 403 627 462 Fulminei
658 408 737 465 sic
764 411 933 466 dente
959 428 1120 481 sueS‚
1160 409 1240 467 sic
1267 410 1492 488 hispida
1522 425 1716 489 turpes

271 556 276 559 ι
342 489 531 546 Praelia
561 492 769 552 villosis
801 497 995 554 ineunt
1022 495 1419 572 complexibus
1450 497 1580 551 ursi.

415 576 517 634 Vis
543 579 739 636 eadem
756 581 999 639 OEnidae
1020 601 1034 639 ε
1057 602 1165 639 nee
1185 581 1328 651 sole,
1356 596 1454 639 aut
1471 581 1699 659 pulvere
1719 581 1855 645 fessa

341 661 594 719 Membra
626 664 841 725 labant.
872 669 1033 746 Riget
1060 681 1179 726 atra
1210 669 1360 728 cutis
1379 711 1395 742 ‚
1425 669 1690 745 durisque

552 748 807 810 laborum

341 833 626 911 Castigata
652 839 804 896 toris.
834 843 1048 899 Contra
1072 863 1186 918 non
1210 843 1435 919 integer
1462 842 1556 901 ille

342 918 601 977 Flatibus
626 920 854 981 alternis
870 966 885 995 ‚
916 947 1178 1003 aegroque
1206 928 1427 986 effoetus
1451 929 1611 986 hiatu
1632 971 1650 999 ,

343 1001 510 1057 Exuit
534 1003 775 1078 ingestas
799 1009 971 1065 fluvio
996 1010 1220 1067 sudoris
1251 1030 1476 1082 arenas;

344 1092 433 1142 Ac
461 1087 651 1142 furtim
685 1103 848 1165 rapta
880 1104 1155 1149 sustentat
1186 1106 1419 1169 pectora
1448 1106 1621 1151 terra.

345 1170 528 1226 Instat
553 1165 1001 1250 ageris2=Tydeus‚
1026 1177 1311 1254 ictumque
1332 1178 1389 1233 in
1416 1179 1559 1235 colla
1579 1177 1840 1251 minatuS,

343 1254 519 1310 Crura
547 1257 728 1314 subit:
761 1260 958 1337 coeptis
977 1282 1097 1319 non
1123 1263 1383 1320 evaluere
1410 1261 1581 1340 potiri

339 1344 387 1398 F
388 1354 643 1400 rustratae
660 1343 944 1405 brevitate
962 1369 1179 1406 manus.
1198 1348 1378 1405 -Venit
1397 1348 1605 1406 arduus
1629 1346 1724 1403 ille

340 1431 623 1507 Desuper,
651 1453 1095 1511 oppressumque
1121 1433 1362 1517 ingentis
1380 1435 1528 1490 mole
1549 1432 1724 1489 ruinae

347 1515 635 1573 Condidit.
662 1519 830 1576 Haud
853 1520 1016 1577 aliter
1043 1518 1203 1576 collis
1227 1518 1506 1576 scrutator
1526 1517 1681 1576 Iberi

344 1601 490 1657 Cum
512 1602 681 1660 subiit
700 1646 715 1672 .,
744 1603 1025 1682 longeque
1046 1603 1234 1674 diem,
1266 1604 1552 1680 vitamque
1584 1603 1811 1680 reliquit
1829 1646 1845 1673 ‚

343 1686 397 1740 Si
419 1688 645 1744 tremuit
666 1708 969 1766 suspensus
994 1710 1128 1767 ager
1146 1732 1164 1761 ‚
1192 1689 1551 1766 subitumque
1571 1690 1851 1766 fragorem

342 1773 534 1852 Rupta
562 1774 720 1832 dedit
745 1776 939 1847 tellus,
965 1775 1104 1831 latet
1129 1777 1308 1842 intus,
1336 1787 1528 1831 monte
1556 1773 1737 1831 soluto
1754 1816 1770 1842 ‚

343 1857 629 1926 ObrutuS‚
656 1877 722 1913 ac
746 1859 974 1936 penitus
999 1859 1243 1915 fractum
1268 1857 1691 1931 obductumque

565 1944 828 2000 cadaver¹

342 2028 744 2104 Indignantem
778 2029 1022 2086 animam
1050 2027 1298 2107 'propriis
1333 2047 1449 2085 non
1489 2024 1739 2085 reddidit

569 2117 749 2174 astris.
1166 2169 1177 2178 .
1635 2163 1638 2166 -

349 2200 558 2260 Acrior
574 2202 685 2259 hoc
708 2204 941 2280 Tydeus
953 2207 973 2274 ‚*
1002 2203 1314 2281 animisque
1343 2213 1398 2260 et
1423 2212 1655 2280 pectore
1682 2215 1856 2275 supra

578 2301 681 2345 est.

351 2373 472 2428 Nec
496 2392 650 2428 mora
666 2414 683 2442 ‚
713 2393 839 2428 cum
862 2375 1062 2433 vinclis
1088 2377 1352 2451 onerique
1380 2374 1604 2449 elapsus
1630 2371 1851 2445 iniquo,

351 2456 566 2511 Circuit
591 2468 871 2511 errantem
884 2498 900 2526 ‚
924 2471 981 2514 et
998 2472 1161 2535 tergo
1180 2479 1287 2516 nec
1307 2459 1509 2536 opinus
1530 2456 1788 2513 inhaeret:

349 2542 492 2595 Mox
515 2538 662 2594 latus
678 2579 694 2607 .,
725 2551 781 2592 et
806 2539 967 2595 firmo
990 2543 1142 2599 celer
1164 2545 1417 2619 implicat
1443 2543 1538 2599 ilia
1563 2562 1716 2596 nexu
1738 2564 1752 2606 3

346 2621 663 2701 Poplitibus
688 2641 869 2699 genua
897 2623 1028 2679 inde
1053 2644 1338 2699 premens,
1368 2625 1609 2681 evadere
1634 2622 1827 2678 nodos·

344 2710 772 2788 Nequicquam,
811 2721 867 2765 et
899 2707 1065 2766 lateri
1103 2709 1364 2767 dextram
1403 2708 1676 2766 insertare

519 2827 523 2833 ·
573 2808 872 2872 parantem

347 2883 676 2961 Improbus,
695 2882 1043 2941 horrendum
1070 2883 1196 2947 visu
1221 2903 1286 2941 ac
1312 2879 1566 2939 mirabile
1592 2880 1820 2961 pondus

353 2969 604 3030 Sustulit.
649 2970 1238 3047 Herculeispressum
1269 2971 1350 3029 sic
1385 2969 1535 3031 fama
1566 2964 1800 3028 lacertis·
1894 2994 1901 3002 ·

1479 3050 1596 3127 {a
