2079 3613
262 304 386 361 268
528 313 972 374 T11EBA1DOS‚
1029 315 1168 361 ΗΒ.
1220 313 1325 390 1x3
1451 309 1563 365 605

252 409 551 483 Verbaque
580 410 839 468 sollicitas
865 420 1107 466 metrum
1133 407 1365 470 solantia
1386 427 1549 464 curas

249 493 515 559 Addidit;
541 509 762 551 armatae
788 496 900 550 ruit
919 494 992 549 ad
1016 492 1249 560 delubra
1269 494 1454 547 Dianae
1471 534 1486 561 ‚

253 578 406 634 Rore
428 577 530 633 sub
555 582 672 635 Eoo
690 621 706 648 ‚
735 593 1006 653 notasque
1035 599 1105 633 ex
1127 578 1323 634 ordine
1351 578 1534 654 sylvas

251 663 322 717 Et
343 684 605 736 quercum
633 664 818 736 gavisa
837 663 1011 720 videt.
1043 665 1206 718 Tunc
1232 661 1420 717 limine
1447 663 1602 719 Divae

253 750 481 818 Astitit,
514 761 570 803 et
599 750 698 804 tali
725 748 1103 823 nequicquam
1131 767 1269 805 voce
1293 760 1589 823 precatur:

326 857 354 884 ιι
378 835 550 909 Virgo
575 846 779 908 potens
799 852 1092 888 nemorum
1108 873 1124 902 ,
1157 834 1313 908 cujus
1331 852 1446 889 non
1472 832 1661 890 mollia

475 939 630 994 signa

254 1028 283 1068 (ς
303 1004 676 1078 Militiamque
703 1016 921 1061 trucem
938 1047 954 1075 ‚
985 1024 1183 1062 sexum
1207 1005 1491 1081 indignata
1511 1048 1529 1076 ‚

472 1092 768 1164 frequento

253 1213 283 1242 «
303 1191 463 1245 More
481 1188 624 1242 nihil
649 1186 819 1243 Graio
847 1209 858 1240 :
886 1207 995 1243 nec
1022 1199 1077 1241 te
1098 1206 1230 1260 gens
1256 1207 1456 1262 aspera
1479 1186 1591 1243 ritu

253 1296 282 1325 «
306 1272 534 1327 Colchis
550 1312 566 1338 ,
599 1269 987 1325 Amasoniaeve
1009 1270 1183 1343 magis
1208 1269 1430 1327 coluere
1451 1283 1710 1330 catervae.

253 1380 280 1408 «
302 1356 359 1410 Si
387 1354 522 1408 mihi
543 1371 655 1406 non
675 1372 921 1425 unquam
946 1352 1157 1425 Thyasi
1173 1392 1189 1421 ‚
1217 1351 1451 1408 ludusve
1471 1368 1752 1429 protervae

252 1462 280 1491 «
305 1437 497 1493 Noctis
517 1478 532 1504 ,
555 1448 611 1490 et
635 1434 813 1491 inviso
837 1435 1088 1509 quamvis
1115 1447 1387 1491 temerata
1407 1436 1609 1505 cubili,

252 1548 280 1575 «
303 1526 426 1577 Non
452 1535 646 1577 tamen
670 1531 767 1576 aut
794 1532 999 1577 teretes
1017 1524 1068 1575 T
1070 1520 1298 1596 hyrsos,
1328 1532 1424 1576 aut
1447 1520 1635 1576 mollia

471 1607 615 1684 gessi
1224 1626 1231 1629 ’

251 1731 278 1760 a<
299 1708 473 1766 Pensa
491 1748 507 1776 .,
533 1705 633 1761 sed
659 1705 719 1760 in
739 1705 977 1774 tetricis»,
999 1716 1056 1760 et
1076 1715 1205 1779 post
1223 1702 1499 1759 connubia
1513 1745 1529 1773 ,

468 1790 686 1862 lustri5‚

248 1917 274 1946 «
300 1891 390 1946 sic
417 1910 641 1965 quoque
670 1886 958 1957 venatrix,
984 1887 1280 1962 animoque
1306 1887 1539 1963 innupta

465 1994 727 2030 remansi.

247 2097 275 2125 κ
296 2076 416 2127 Nec
441 2070 574 2124 mihi
604 2069 828 2125 secretis
855 2071 1080 2143 culpam
1107 2069 1382 2125 occultare
1407 2068 1511 2126 sub
1534 2070 1708 2125 antris

245 2182 273 2210 «
296 2160 444 2212 Cura
463 2198 478 2225 ,
512 2154 611 2210 sed
631 2153 855 2218 osxendi
872 2167 1091 2222 natum,
1117 2155 1389 2229 posuique
1415 2167 1743 2211 trementem

245 2265 273 2294 «
301 2244 436 2294 Ante
460 2252 587 2294 tuos
612 2239 861 2294 confessa
886 2237 1081 2313 pedes,
1118 2239 1232 2294 Nec
1261 2238 1505 2315 degener
1529 2237 1618 2295 ille

244 2351 272 2379 «
292 2324 604 2399 Sanguinis,
628 2324 796 2398 inque
820 2342 975 2378 meos
998 2325 1242 2398 reptavit
1265 2325 1521 2400 protinus
1542 2341 1698 2378 arcus
1719 2341 1737 2393 ;

245 2438 270 2464 «
297 2412 434 2467 Tela
457 2430 597 2486 puer
620 2408 903 2484 lacrymis,
935 2420 990 2463 et
1013 2409 1196 2484 prima
1219 2430 1357 2467 voce
1382 2407 1664 2486 poposcit.

244 2521 271 2549 «
295 2498 461 2553 Hunc
488 2495 625 2550 mihi
648 2492 818 2573 (quid
839 2493 1071 2569 trepidae
1092 2492 1290 2552 noctes
1307 2536 1323 2565 ‚
1353 2512 1687 2569 somnusque

377 2572 384 2583 “
463 2578 820 2658 minantur?)

241 2704 267 2732 α
293 2684 459 2736 Hunc
480 2723 494 2749 ,
520 2681 748 2755 precor',
782 2678 978 2734 audaci
997 2680 1097 2754 qui
1121 2697 1270 2733 nunc
1291 2675 1362 2730 ad
1385 2672 1577 2750 praelia

459 2777 623 2832 vote,
1559 2836 1570 2848 '

239 2887 266 2915 ι(
288 2836 669 2915 Heunimiuin
691 2859 796 2914 tibi
824 2858 954 2913 fisus
978 2856 989 2911 ἔ
1019 2854 1167 2923 abit,
1195 2853 1265 2909 da
1294 2851 1472 2909 visere
1498 2849 1636 2910 belli

237 2972 266 3002 κ
287 2943 607 3005 Victorem!
635 2945 724 3001 vel
751 2945 797 3001 si
818 2941 1001 3020 ampla
1026 2953 1160 3018 peto
1181 2981 1197 3011 .,
1225 2938 1299 2994 da
1320 2937 1498 3001 visere

255 3044 381 3107 133„
435 3104 438 3109 ⁴
461 3040 697 3088 tamum.

489 3280 590 3295 W
