2079 3613
294 350 425 438 ⁸9⁸
521 363 793 420 muno.
843 362 939 414 An
986 361 1188 415 CALP.
1239 360 1583 415 mmmm.
1641 352 1751 434 194

285 465 393 518 Aut
421 462 590 517 etiam
615 480 800 537 pauco
827 461 1067 537 spoliata
1092 461 1266 515 milite
1293 460 1501 529 vincis»,

284 550 355 604 Et
376 546 478 603 tibi
500 547 722 623 captiva
747 560 975 602 resonat
1004 566 1197 601 manus
1224 557 1463 620 utraque
1495 544 1678 601 turba.

284 631 396 688 Sed
415 630 571 708 prius
590 651 819 689 emenso
845 633 1018 687 Titan
1043 642 1297 688 versetur
1319 628 1564 705 Olympo
1585 667 1603 697 ,

284 719 468 788 Quam
490 737 610 772 mea
630 729 713 771 tot
734 716 926 771 laudes
952 716 1252 771 decurrere
1283 714 1529 769 carmina
1549 709 1793 790 possint.

281 800 426 855 Felix
440 841 458 871 ,
484 813 540 857 et
560 788 964 878 longaffuvenis
984 799 1305 876 dignissime
1336 800 1453 856 vita
1470 839 1489 869 ‚

283 886 674 961 Eximiumque
708 898 814 941 tuae
837 885 1018 960 gentis
1044 884 1249 941 decus!
1280 883 1476 958 accipe
1496 880 1674 937 nostri

279 971 506 1035 Certus„
531 983 589 1026 et
617 969 731 1026 hoc
753 969 873 1027 veri
904 968 1281 1045 complectere
1309 969 1506 1045 pignus
1525 958 1766 1021 amoris!

280 1055 448 1124 Quod
476 1052 524 1109 si
554 1054 723 1130 digna
749 1067 846 1110 tua
880 1054 1066 1109 minus
1091 1066 1176 1109 est
1202 1074 1326 1109 mea
1354 1053 1555 1129 pagina
1577 1047 1748 1106 laude
1771 1089 1796 1119 ‚

278 1136 618 1206 Ats‘voluisse
647 1151 732 1194 sat
758 1151 840 1196 est
865 1156 881 1193 ε
907 1138 1179 1207 animum,
1206 1158 1322 1193 non
1347 1138 1593 1193 carmina
1613 1138 1797 1211 jacto-

278 1225 370 1276 Tu
394 1222 564 1278 modo
591 1223 743 1279 iaetus
765 1225 931 1291 ades,
965 1222 1155 1279 forsan
1181 1222 1413 1279 meliora
1438 1239 1698 1279 canemus
1721 1236 1736 1273 ε

276 1307 348 1361 Et
374 1307 518 1365 vires
540 1307 698 1364 dabit
728 1309 846 1383 ipse
874 1308 1065 1378 favor,
1095 1307 1254 1363 dabit
1279 1309 1402 1384 ipsa
1426 1308 1676 1364 feracem

276 1392 419 1466 Spes
446 1391 692 1446 animum
720 1413 732 1445 :
761 1391 996 1468 dignare
1027 1405 1152 1448 tuos
1178 1392 1400 1468 aperire
1427 1403 1682 1468 penates·

277 1476 400 1530 Hoc
426 1475 602 1531 solum
627 1475 872 1550 petimus
893 1497 906 1529 z
937 1495 1042 1530 nec
1072 1477 1216 1532 enim
1241 1499 1328 1531 me
1350 1477 1543 1534 divitis
1567 1475 1692 1531 auri

276 1559 586 1636 Imperiosa
613 1562 813 1630 samem,
844 1571 902 1614 et
926 1558 1170 1616 habendi
1193 1580 1337 1617 saeva
1359 1560 1537 1617 libido

275 1645 571 1722 Impulerit
586 1687 603 1717 ‚
632 1647 733 1703 sed
756 1644 936 1703 laudis
958 1665 1132 1703 amor.
1162 1649 1198 1705 J
1202 1659 1365 1716 uvat„
1389 1647 1600 1726 optime
1621 1686 1641 1717 ,

497 1744 682 1789 tecum

273 1817 494 1893 Degere
509 1857 529 1887 ‚
553 1837 786 1894 cumque
812 1818 923 1873 tuis
947 1818 1252 1875 virtutibus
1275 1839 1441 1875 omne
1464 1839 1570 1895 per
1594 1837 1782 1877 aevum

272 1901 629 1959 Carminibus
655 1915 872 1959 certare
899 1903 1052 1961 meis.
1077 1904 1383 1960 Sublimior
1408 1904 1505 1959 ibo
1532 1947 1549 1972 ‚

270 1989 324 2043 Si
352 1990 513 2047 samoe
538 1990 676 2048 mihi
699 1991 898 2069 pandis
922 1991 1063 2061 iter3
1091 1992 1137 2046 si
1164 1990 1413 2048 detrahis
1438 1992 1712 2048 umbram.

270 2071 473 2129 Abdita
499 2073 638 2150 quid
662 2075 894 2151 prodest
915 2075 1342 2150 generosi‘vena
1360 2074 1571 2133 metalli
1588 2118 1606 2146 ‚

268 2159 327 2214 si
350 2159 562 2217 cultore
589 2166 774 2218 caret?
798 2161 938 2237 quid
954 2203 972 2228 ,
992 2160 1157 2216 inerti
1182 2161 1406 2218 condita
1430 2175 1602 2239 portu
1621 2201 1642 2232 ‚

269 2246 326 2305 Si
347 2246 596 2301 ductoris
624 2258 752 2321 eget
776 2245 910 2300 ratis
928 2288 948 2312 ,
984 2245 1185 2314 efficit3
1216 2244 1400 2301 omnia
1432 2246 1685 2321 quamvis

269 2334 630 2386 Armamenta
658 2329 827 2400 ferat,
856 2329 1137 2405 teretique
1167 2330 1395 2387 fluentia
1416 2332 1565 2387 malo

245 2414 439 2471 *Possit
458 2429 514 2471 et
545 2434 781 2473 excusso
809 2414 1096 2470 dimittere
1126 2415 1250 2471 vela
1279 2415 1570 2476 rudente?

267 2503 399 2577 Ipse
422 2522 525 2577 per
548 2502 827 2558 Ausonias
853 2500 1050 2558 AEneia
1078 2499 1327 2555 carmina
1355 2513 1545 2576 gentes

265 2586 374 2659 Qui
392 2600 556 2666 'sonat
572 2630 587 2656 ‚
622 2587 831 2661 ingenti
855 2587 953 2663 qui
979 2588 1202 2646 nomine
1230 2586 1414 2671 pulsqt
1439 2588 1731 2665 olympum
1751 2618 1775 2664 ‚-

263 2674 676 2749 Maeoniumque
703 2691 896 2731 senem
928 2677 1177 2734 Romano
1198 2687 1470 2748 provocat
1498 2693 1627 2745 ore,

261 2759 514 2815 Forsitan
540 2759 683 2814 illius
707 2760 949 2817 nemoris
971 2760 1218 2816 latuisset
1247 2760 1303 2815 in
1333 2760 1552 2829 umbra,

261 2844 428 2918 Quod
449 2846 600 2901 canit
616 2887 633 2916 ,
670 2856 727 2900 et
757 2844 931 2901 sterili
959 2856 1177 2901 tantum
1203 2857 1475 2902 cantasset
1497 2864 1704 2919 avena,

262 2930 493 3003 Ignotus
517 2929 773 3007 populis.,
803 2929 845 2987 si
874 2932 1184 2988 Moeeenate
1214 2942 1450 2990 careret.

262 3014 371 3087 Qui
389 3016 756 3076 tamen‘haud
781 3014 880 3073 uni
905 3015 1176 3092 patefecit
1196 3014 1385 3073 limina
1423 3013 1575 3085 vati,
