2079 3613
285 267 412 342 546
546 274 1179 340 snvnun‚·1,m.
1228 273 1335 324 iv.
1470 272 1542 350 47

494 376 641 433 Sunt
667 372 843 441 urbe,
869 371 1241 446 Romanisque
1265 369 1500 442 turmis,

570 458 684 534 Qui
705 457 944 534 Libyam
964 456 1207 513 deceant
1231 453 1464 512 alumni.

429 584 530 640 Est
554 593 613 639 et
639 579 899 638 frementi
926 597 1035 635 vox
1058 576 1248 633 hilaris
1273 577 1399 633 foro
1415 617 1436 646 ,

424 663 641 728 Venale
663 662 764 727 sed
790 683 908 719 non
930 661 1214 738 eloquium
1241 661 1377 732 tibi3

501 750 773 825 Ensisque
797 746 999 825 vagina
1018 746 1261 823 quiescit
1282 788 1300 818 ,

565 834 854 910 Sti-ingere
881 831 943 889 ni
972 831 1202 908 jubeant
1226 832 1411 890 amici.

421 957 535 1013 Sed
555 975 685 1013 rura
712 956 868 1015 cordi
892 956 1091 1033 saepius
1118 968 1176 1014 et
1201 957 1386 1033 quie3‚

426 1041 592 1121 anc
615 1041 674 1099 in
702 1041 952 1119 paternis
976 1041 1198 1099 sedibus
1224 1054 1278 1098 et
1298 1044 1417 1100 solo

493 1126 734 1186 Veiente
751 1170 767 1198 ,
789 1148 938 1185 nunc
961 1125 1233 1184 frondosa
1260 1145 1427 1205 supra

492 1208 497 1214 ’
567 1212 811 1270 Hernica
829 1255 844 1284 ,
870 1233 1022 1293 nunc
1046 1212 1288 1269 Curibus
1312 1214 1563 1270 vetustis.

424 1330 533 1388 Hic
553 1332 715 1408 plura
740 1352 918 1410 pones
934 1374 953 1400 ,
972 1331 1212 1390 vocibus
1237 1345 1294 1388 et
1314 1331 1495 1393 modis

421 1416 629 1471 Passim
650 1417 843 1473 solutis
866 1434 881 1471 ε
915 1416 1012 1473 sed
1038 1436 1255 1472 memor
1280 1416 1504 1473 interim

499 1501 689 1557 Nostri
712 1542 728 1570 ‚
757 1501 1084 1558 verecundo
1109 1499 1378 1558 latentem

564 1584 833 1642 Barbiton
855 1584 1132 1662 ingemina
1153 1585 1257 1643 sub
1279 1599 1457 1643 antro.

286 1722 1799 1756 §maemaemQ-‚QQQ—

962 1803 1090 1863 VI.

404 1918 894 1976 HERCULES
954 1916 1647 1976 EPITRAPEZIOS

627 2033 899 2088 NONII
958 2033 1424 2090 VINDICIS.

272 2118 348 2203 F
354 2141 504 2206 unu
534 2148 914 2207 remittentem
944 2169 1129 2219 curas»,
1157 2148 1479 2227 Phoeboque
1504 2150 1754 2209 levatum

270 2236 505 2291 Pectora
527 2272 546 2302 ,
574 2252 701 2289 cum
728 2234 938 2308 patulis
966 2247 1206 2291 tererem
1235 2253 1411 2310 vagus
1435 2235 1552 2293 otia
1576 2236 1750 2313 septis
1767 2279 1786 2305 ‚

268 2322 394 2375 Jam
419 2317 696 2373 moriente
725 2316 852 2390 die,
882 2319 1071 2417 rapuit
1095 2339 1187 2376 me
1212 2338 1366 2376 coena
1393 2320 1619 2397 benigni

271 2401 545 2464 Vindicis.
565 2403 738 2460 Haec
720 2424 862 2462 unos
885 2404 1061 2462 animi
1081 2403 1341 2502 perlapsa
1366 2427 1619 2464 recessus

270 2465 679 2563 Inconsurnpta
710 2503 924 2547 manet.
950 2490 1151 2566 Neque
1176 2489 1321 2545 enim
1347 2489 1588 2547 ludibria

495 2572 710 2631 ventris

275 2659 615 2729 Hausimus,
636 2669 735 2714 aut
762 2655 959 2735 epulas
982 2656 1207 2715 diverso
1226 2677 1257 2716 e
1280 2656 1396 2715 sole
1420 2660 1653 2736 petitas,

274 2741 538 2819 Vinaque
566 2742 822 2800 centenis
846 2761 965 2800 aevo
988 2745 1266 2801 certantia
1295 2744 1472 2804 fastis

276 2826 374 2883 Ah
397 2826 619 2885 miseri!
646 2847 788 2904 quos
810 2846 979 2885 nosse
995 2828 1156 2903 juvat
1173 2870 1191 2901 ‚
1221 2828 1364 2907 quid
1387 2827 1640 2886 Phasidis
1654 2827 1769 2885 ales

278 2909 464 2968 Distet
490 2911 562 2972 ab
584 2911 842 2990 hybern-
870 2912 1187 2992 Rhodope·
1209 2932 1343 2990 grue
1371 2935 1388 2973 ι
1422 2912 1549 2991 quis
1572 2912 1750 2988 magis

492 3016 654 3056 anser
