2079 3613
362 319 459 390 iss
508 331 772 382 PANEG.
828 329 923 377 AD
972 327 1181 378 CALP.
1237 328 1575 376 P1soNEM.
1680 313 1805 396 597

306 428 619 484 Mobilitate
644 424 851 502 pedum
879 423 1092 479 celeres
1120 441 1291 498 super
1318 421 1544 478 orbibus
1571 419 1738 476 orbes

307 514 535 582 Flectis.‚
570 527 625 568 et
651 510 894 586 obliquis
922 508 1230 582 fugientem
1262 507 1514 564 cursibus
1541 527 1734 584 urgeS‚

306 600 375 651 Et
399 609 548 651 nunc
575 595 756 652 vivaci
782 593 1043 650 scrutaris
1072 606 1300 668 pectora
1327 592 1526 648 dextra
1546 634 1561 663 ‚

308 682 473 736 Nunc
497 679 642 735 latus
668 678 964 735 adversum
988 697 1096 733 nec
1120 677 1293 753 opino
1319 679 1567 752 percutis
1595 678 1733 735 ictu.

304 769 424 820 Nec
458 765 558 820 tibi
587 764 863 820 mobilitas
887 762 1075 818 minor
1101 775 1211 829 est,
1242 761 1286 818 si
1310 750 1457 818 ffite
1486 762 1769 821 volantem
1789 805 1808 837 ,

305 853 421 906 Aut
448 850 733 924 geminare
761 846 935 924 pilam
954 849 1141 922 juvat,
1176 859 1272 902 aut
1296 866 1563 903 revocare

529 934 854 1000 cadentem,

308 1018 378 1073 Et
404 1034 518 1070 non
547 1027 812 1089 superato
839 1013 1152 1088 fugientem
1178 1013 1419 1068 reddere
1449 1028 1630 1088 gestu.

311 1104 499 1157 Haeret
524 1101 580 1156 in
606 1101 723 1157 haee
753 1099 996 1176 populus
1022 1097 1341 1175 spectacula
1358 1140 1373 1168 ‚
1403 1112 1629 1174 totaque
1652 1101 1817 1160 ludos

309 1186 503 1241 Turba
535 1197 766 1261 repente
797 1204 922 1241 suos
949 1189 1063 1258 jam
1084 1183 1415 1240 sudabunda
1440 1183 1725 1259 relinquit.

313 1275 398 1326 Te
424 1271 468 1326 si
495 1271 639 1326 forte
665 1272 818 1346 juvat
843 1268 1154 1326 studiorum
1188 1267 1444 1345 pondere
1477 1270 1716 1340 fessum,

313 1356 445 1413 Non
470 1354 738 1430 languere
772 1367 984 1423 tamen,
1017 1354 1283 1429 lususque
1315 1373 1541 1412 movere
1564 1375 1673 1431 per

541 1455 714 1501 artem
733 1485 747 1510 ‚

310 1528 614 1587 Callidiore
642 1527 813 1582 modo
837 1526 1027 1582 tabula
1052 1526 1296 1583 variatur
1327 1540 1521 1601 aperta

314 1611 574 1669 Calculus
590 1652 608 1681 ,
633 1625 690 1666 et
711 1609 888 1667 vitreo
915 1620 1265 1685 peraguntur
1290 1609 1461 1667 milite
1487 1611 1632 1670 bella
1648 1655 1665 1685 ‚

311 1701 390 1753 Ut
414 1697 614 1752 niveus
641 1695 864 1770 nigroS,
891 1712 1039 1748 nunc
1067 1706 1124 1749 et
1153 1693 1311 1768 niger
1340 1694 1517 1753 albos-

315 1780 429 1841 Sed
456 1780 559 1838 tibi
592 1780 716 1855 quis
741 1799 853 1835 non
884 1791 1039 1855 terga
1070 1776 1269 1837 dedit?
1291 1778 1447 1855 quiS,
1477 1794 1529 1839 te
1558 1784 1738 1857 duce,

523 1878 690 1922 cessit
1288 1903 1294 1908 ·

314 1949 615 2012 Calculus?
639 1965 734 2008 aut
757 1952 881 2027 quis
903 1971 1020 2008 non
1042 1952 1323 2028 periturus
1348 1952 1601 2029 perdidit

538 2036 760 2092 hostem
779 2035 807 2094 ¹?

313 2120 467 2180 Mille
490 2121 673 2177 modis
699 2120 841 2179 acies
868 2134 961 2178 tua
986 2122 1217 2178 dimicat
1247 2141 1261 2179 ε
1285 2122 1375 2180 ille
1401 2137 1689 2200 petentem

313 2214 460 2265 Dum
488 2206 632 2281 fugit
649 2248 666 2276 ‚
693 2206 813 2283 ipse
844 2208 995 2283 rapit
1019 2225 1032 2261 ε
1059 2207 1223 2283 longo
1250 2210 1405 2265 venit
1431 2210 1522 2266 ille
1551 2228 1773 2267 recessu
1794 2251 1814 2282 ,

314 2294 424 2366 Qui
448 2292 603 2351 stetit
629 2293 685 2347 in
711 2293 984 2366 speculis3
1015 2292 1109 2349 hic
1137 2314 1195 2349 se
1221 2296 1567 2352 committere
1589 2297 1721 2352 rixae

315 2377 498 2432 Audet
519 2417 535 2444 .‚
563 2375 697 2430 etin
719 2374 964 2448 praedam
989 2376 1297 2432 venientem
1325 2377 1540 2452 decipit
1570 2379 1812 2435 hostem.

317 2457 614 2533 Ancipites
643 2458 794 2514 subit
819 2458 913 2514 ille
939 2479 1121 2515 moras
1137 2502 1153 2526 ‚
1181 2459 1478 2536 similisque
1503 2461 1671 2537 ligato

317 2542 545 2618 Obligat
570 2543 689 2619 ipse
716 2543 857 2600 duos
885 2563 901 2599 t
927 2543 1018 2601 hic
1047 2544 1119 2599 ad
1139 2546 1347 2619 majora
1376 2560 1665 2620 movetur,

317 2631 397 2684 Ut
423 2628 565 2684 citus
596 2640 653 2683 et
684 2629 862 2686 fracta
886 2644 1222 2707 prorumpat
1246 2631 1307 2692 in
1336 2633 1556 2707 agmina

536 2712 769 2771 mandra
793 2757 808 2784 ,

320 2798 639 2873 Clausaque
665 2797 884 2875 dejecto
912 2802 1218 2876 populetur
1236 2803 1443 2859 moenia
1467 2804 1632 2861 vallo.

283 2949 287 2956 .
321 2885 540 2940 Interea
566 2882 732 2940 sectis
751 2925 767 2953 ‚
795 2885 1048 2959 quamvis
1070 2886 1337 2944 acerrima
1359 2900 1587 2965 surgant

321 2966 546 3042 Praelia,
571 2967 875 3039 militibus,
896 2969 1067 3046 plena
1093 2983 1279 3052 tamen
1293 2971 1413 3050 ipse
1439 2973 1716 3053 phalange
1740 3016 1756 3048 ‚
