2079 3613
313 247 395 305 86
625 254 1028 306 ΤΗΕΒΑΙΒοε
1054 289 1071 319 ‚
1122 255 1267 306 Lm.
1318 260 1423 309 Π.
1521 263 1596 315 82·

307 347 560 427 Agmina,
590 372 693 408 neu
715 368 907 428 raptos
932 352 1127 427 patriae
1147 354 1377 410 sentiret
1400 354 1665 412 honoreS.

308 437 466 491 Idem
493 438 740 507 habitus»,
775 438 973 493 eadem
985 456 1152 494 -arma
1177 440 1329 509 vim,
1361 462 1482 515 quae
1508 441 1733 497 debitus

452 521 652 598 hospes

303 606 543 661 Hiberna
566 607 856 682 sub‘nocte
878 607 1016 663 tulit.
1041 610 1405 666 Theumesius
1434 612 1630 685 implet

302 692 480 765 Terga
502 691 593 745 leo
617 710 630 746 τ
661 705 715 746 et
741 694 964 768 gemino
989 692 1180 767 lucent
1205 696 1423 752 hastilia
1456 697 1603 752 ferro
1625 718 1639 753 τ

298 777 518 851 Aspera
538 776 804 833 vulnifico
825 779 1017 833 subter
1042 779 1185 836 latus
1213 801 1341 835 ense
1363 783 1507 858 riget
1532 782 1795 859 Sphynx.

299 861 336 914 J
341 880 426 914 am
455 881 687 935 regnum
705 904 718 927 ,
742 862 1046 937 matrisque
1070 865 1221 919 sinus
1239 906 1254 934 ,
1283 865 1531 940 fidasque
1552 881 1768 923 sorores

301 944 414 1018 Spe
434 984 448 1010 ‚
475 946 730 1021 votisque
755 960 905 1001 tenet
926 969 935 1001 :
957 960 1168 1014 tamen,
1192 962 1247 1005 et
1268 949 1337 1004 de
1359 965 1507 1006 turre
1536 970 1795 1024 suprema

299 1027 639 1091 Attonitam,
670 1047 898 1110 totoque
922 1047 1234 1090 exstantem
1263 1056 1499 1110 corpure
1524 1034 1687 1109 longe

300 1112 552 1190 Respicit
578 1121 794 1192 Argian.
825 1124 954 1174 Haec
981 1135 1223 1176 mentem
1253 1122 1557 1193 oculosque
1582 1121 1796 1177 reducit

294 1199 601 1280 {Coniugiffi
638 1216 691 1257 et
722 1206 913 1260 dulces
941 1205 1138 1262 avertit
1171 1221 1398 1280 pectore
1424 1205 1667 1262 Thebas.

343 1286 349 1291 ’
375 1287 523 1341 Ecce
555 1287 704 1343 inter
726 1288 940 1366 medios
968 1291 1164 1370 patriae
1193 1294 1299 1348 ciet
1327 1292 1542 1367 agmina
1572 1294 1753 1363 gentis

297 1367 625 1427 Fulmineus
650 1372 912 1448 Tydeus:
942 1377 957 1449 j
998 1398 1052 1431 m
1080 1376 1264 1447 laetus,
1294 1390 1349 1432 et
1380 1376 1592 1450 integer
1612 1391 1796 1448 artus.,

299 1454 377 1506 Ut
406 1455 640 1527 primum
669 1471 957 1533 strepuere
987 1461 1150 1519 tubae.
1184 1465 1304 1530 Ceu
1333 1462 1573 1518 lubricus
1599 1462 1710 1519 alta

297 1540 504 1608 Anguis
523 1541 693 1597 humo
712 1544 866 1599 verni
886 1544 1091 1602 blanda
1112 1546 1186 1602 ad
1206 1548 1504 1618 spiramina
1523 1548 1651 1604 solis

297 1625 574 1698 Erigitur,
604 1627 746 1684 liber
767 1631 954 1700 seni0‚
983 1646 1039 1687 et
1062 1631 1469 1707 squallentibus
1495 1634 1652 1691 annis

298 1709 544 1781 ExutuS‚
574 1710 820 1790 laetisque
851 1717 1034 1772 minax
1063 1718 1351 1773 interviret
1381 1717 1588 1773 herbis·

295 1792 391 1849 Ab
413 1794 605 1867 miser,
633 1813 904 1875 agrestum
933 1802 976 1856 si
1004 1803 1134 1877 quis
1152 1824 1512 1881 perigramen
1534 1801 1714 1859 hianti

293 1879 537 1953 ObviuS‚
570 1897 625 1940 et
647 1887 828 1961 primo
853 1889 1144 1946 siccaverit
1176 1912 1270 1947 ora
1299 1896 1559 1948 veneno!

208 1972 218 1980 ⁸
291 1966 435 2022 Huic
461 1990 684 2045 quoque
707 1988 1031 2049 praestantes
1059 1977 1257 2029 AEtolis
1280 1974 1517 2029 urbibus
1543 1977 1704 2032 affert

291 2049 429 2105 Belli
453 2054 594 2107 sama
622 2055 789 2112 viros·
817 2060 994 2115 Sensit
1016 2057 1312 2131 scopulosa
1337 2057 1545 2131 Pylene
1564 2101 1586 2129 ‚‚
1619 2096 1624 2101 -

291 2135 565 2209 Fictaque
594 2143 846 2209 cognatis
874 2142 1074 2198 avibus
1100 2140 1404 2212 Meleagria
1431 2141 1695 2214 Pleuron,

289 2221 361 2275 Et
389 2243 638 2299 praeceps
657 2227 912 2304 Calydon
929 2270 945 2296 ,
970 2241 1025 2282 et
1047 2247 1167 2300 quae
1183 2229 1328 2281 Jove
1345 2226 1610 2300 provocat
1631 2231 1791 2286 Idam

294 2306 501 2363 Olenos
520 2351 535 2378 ⁷
568 2311 740 2367 Ioniis
767 2326 820 2368 et
847 2310 1107 2366 fluctibus
1129 2308 1353 2383 hospita
1378 2324 1549 2382 portu

293 2388 548 2460 Chalcis,
578 2408 629 2449 et
663 2397 940 2452 Herculea
965 2405 1220 2466 turpatus
1249 2393 1530 2466 gymnade
1556 2393 1738 2450 vultus

290 2475 512 2530 Amnis:
535 2479 722 2533 adhuc
743 2479 863 2532 imis
881 2479 968 2532 vix
994 2478 1251 2531 truncam
1273 2476 1529 2533 attollere
1548 2480 1792 2537 frontem

285 2559 460 2615 Ausus
479 2563 640 2636 'aquis
663 2603 678 2628 ‚
705 2563 1015 2636 glaucoque
1034 2576 1201 2634 caput
1225 2562 1539 2620 submersus
1557 2564 1613 2620 in
1630 2577 1790 2623 antro

286 2643 484 2700 Moeret
510 2663 523 2700 t
556 2646 878 2700 anhelantes
901 2662 1205 2721 aegrescunt
1233 2648 1462 2724 pulvere
1485 2651 1649 2726 ripae0·

285 2726 556 2784 Omnibus
582 2738 761 2784 aeratae
785 2745 1145 2808 propugnant
1175 2749 1400 2808 pectora
1428 2750 1638 2805 crates»,

285 2811 515 2886 Pilaque
546 2831 686 2866 saeva
709 2833 902 2870 manu:
928 2816 1143 2890 patrius
1166 2832 1268 2873 stat
1297 2818 1507 2875 casside
1537 2822 1783 2877 Mavors·-

284 2896 556 2967 Undique
583 2898 990 2968 magnanimum
1018 2901 1450 2977 pubesdclecta
1478 2916 1753 2961 coronant

285 2975 554 3037 OEniden
574 2977 808 3041 hilarem
824 2985 999 3061 benc,
1023 2988 1281 3065 notisque
1306 2989 1579 3046 decorum
