2079 3613
273 267 309 326 3
321 268 402 327 50
554 275 953 326 TnEnAmos
972 310 988 340 ‚
1039 277 1181 326 Lm.
1234 280 1340 327 xl.
1471 279 1576 353 728

274 393 305 424 κ
323 369 505 427 Flebit
530 389 545 441 ;
566 378 678 447 'ego
700 383 947 430 erectum
959 371 1208 448 subigam
1228 414 1244 443 ‚
1273 383 1331 429 et
1356 373 1565 430 servire

494 457 736 513 docebo.
1008 483 1016 489 ·

272 579 303 607 a
324 555 576 612 Coetibus
595 554 869 612 abducam
891 575 906 626 ;
936 554 1164 631 solaque
1183 554 1238 609 in
1266 553 1398 611 sede
1424 552 1727 611 recondam
1759 571 1774 607 :

272 660 305 692 α
330 641 501 696 Exsul
529 643 633 696 erit
657 663 671 699 ε
700 662 827 696 nam
848 661 970 718 quae
994 639 1251 717 migranti
1271 652 1505 696 externa

492 729 769 804 patebunt

270 849 300 880 κ
319 824 522 883 Moenia
542 825 570 883 ’.Ρ
596 828 676 883 vis
698 828 877 902 Argos
897 837 987 881 eat
1002 807 1380 899 ‚hostilesque
1401 827 1677 903 Mycaenas

271 935 299 964 «
322 910 639 987 squallidus
659 911 893 988 irreptet
915 953 931 982 ‚
964 910 1209 988 victique
1228 911 1301 966 ad
1324 909 1490 966 limen

493 996 722 1053 Adrasti
750 1038 768 1067 ,
1354 1018 1359 1023 ·

271 1117 301 1147 α
320 1092 523 1151 Aonias
550 1106 737 1150 narret
765 1094 979 1164 clades,
1008 1106 1355 1169 tenuemque
1385 1103 1649 1170 precetur

268 1203 295 1232 κ
320 1184 433 1237 Rex
455 1180 756 1237 Thebanus
782 1186 986 1257 opem?
1007 1178 1222 1237 miserae
1248 1178 1387 1255 quid
1409 1177 1640 1235 crimina
1665 1256 1674 1261 Ω

489 1279 668 1341 genus

267 1386 297 1416 κ
314 1362 566 1419 Pandere
585 1404 602 1431 ‚
633 1363 772 1437 quid
789 1382 948 1420 casus
971 1364 1131 1438 juvat
1158 1372 1439 1418 ostentare

491 1445 833 1524 pudendos?

266 1570 294 1599 κ
317 1543 515 1602 Conde
536 1587 552 1616 ‚
569 1565 774 1621 precor
789 1584 807 1615 ‚
824 1546 1208 1622 quodcunque
1231 1564 1418 1602 sumus
1435 1586 1449 1614 ‚
1472 1542 1761 1620 neolonga

484 1650 785 1707 precamur

262 1740 293 1771 α
320 1717 507 1783 Dona,
524 1714 731 1772 *Creon
762 1735 775 1771 :
804 1714 1068 1772 miserere
1085 1715 1231 1772 senis
1248 1757 1266 1788 ,
1286 1715 1576 1792 moestique

464 1803 720 1880 parentis

260 1926 290 1956 ι(
310 1902 439 1972 Hic,
469 1922 694 1980 precor,
723 1900 819 1957 hic
846 1921 1041 1958 manes
1066 1900 1292 1979 indulge
1318 1921 1532 1979 ponere
1560 1920 1575 1957 ε
1604 1914 1760 1963 certe

258 2013 291 2044 α
309 1990 614 2045 Thebanos
639 1988 876 2064 sepelire
901 1989 1089 2045 decet.
1115 2012 1143 2040 n
1183 1990 1274 2046 Sic
1302 2001 1456 2057 orat,
1488 1988 1755 2066 humique

253 2076 528 2132 Volvitur.
560 2073 807 2130 Abducit
833 2075 1088 2148 genitor,
1119 2093 1437 2150 saevumque
1464 2075 1707 2132 minatur
1736 2131 1756 2140 ,

190 2201 206 2210 ·
251 2162 566 2236 Indignans
586 2159 826 2217 veniam.
852 2156 1047 2229 Qualis
1067 2158 1156 2215 leo
1181 2181 1321 2236 rupe
1348 2158 1448 2216 sub
1473 2158 1582 2215 alta
1601 2199 1616 2228 ,

250 2252 429 2320 Quem
456 2244 665 2300 virides
693 2241 974 2316 quondam
999 2243 1168 2321 sylvae
1194 2258 1516 2319 montesque

472 2328 824 2385 tremebant:

247 2419 373 2474 Jam
402 2419 563 2493 piger
582 2457 596 2481 ‚
627 2426 682 2469 et
701 2413 870 2488 longo
895 2414 1042 2493 jacet
1070 2426 1385 2471 exarmatus
1412 2412 1481 2469 ab
1508 2413 1647 2472 invo-

243 2504 446 2578 Magna
476 2513 660 2556 tamen
688 2493 888 2567 sacie5‚
919 2511 972 2554 et
1000 2521 1115 2555 non
1153 2499 1413 2556 adeunda
1440 2511 1702 2556 senectus
1727 2507 1746 2570 3

245 2590 316 2643 Et
345 2587 388 2643 si
416 2584 683 2641 demissas
714 2584 900 2641 veniat
921 2585 1165 2661 mugitus
1187 2584 1257 2639 ad
1285 2606 1449 2644 aures
1470 2628 1485 2654 ‚

243 2671 526 2746 Erigitur,
558 2669 922 2744 meminitque
951 2669 1035 2725 sui
1059 2713 1073 2738 ‚
1105 2668 1361 2745 viresque
1388 2670 1595 2746 solutas

243 2755 518 2831 Ingemit,
551 2768 604 2811 ct
629 2757 840 2833 campis
868 2755 1002 2810 alios
1023 2775 1254 2830 regnare
1279 2754 1484 2811 leones.

316 2842 580 2897 Flectitur
596 2842 769 2897 affatu
789 2885 801 2907 ‚
830 2841 929 2896 sed
954 2861 1069 2894 non
1092 2853 1278 2894 tamen
1305 2839 1490 2895 omnia
1515 2852 1707 2897 rector

160 2979 175 2988 c
243 2929 525 3004 Supplicis
557 2929 809 3002 indulget
835 2926 1130 3003 lacrynui53
1156 2939 1485 3004 partemque
1507 2927 1709 2985 recidit

241 3017 517 3072 Muneris,
540 3014 755 3084 «Haud,
775 3014 956 3089 inquit
969 3013 1166 3089 patriis
1179 3013 1557 3089 prohibebere
1567 3016 1764 3090 ‘longe‘
