2079 3613
258 254 379 315 232
463 263 478 282 ¹
521 257 965 319 ΤΗΕΒΑῙῡοε,
1015 259 1379 333 min-vm.
1489 256 1598 333 509

251 381 285 411 α
303 358 532 436 Tydeos
546 358 704 419 hasta
719 357 830 426 tui,
862 355 1171 432 Stygioque
1199 375 1269 412 ex
1294 354 1427 411 orbe
1458 354 1746 415 remissum

252 467 284 496 κ
304 434 711 522 Amphitryona
735 452 926 518 petam*
947 443 1138 496 Teneo
1155 482 1171 510 ‚
1202 451 1584 519 aeternumque

474 529 681 585 tenebo

253 637 284 667 κ
305 618 590 688 Quantum
615 613 754 683 haec,
777 613 942 682 Diva,
966 632 1194 681 manu5‚
1215 610 1436 691 quoties
1459 611 1743 670 sudaverit

468 702 626 776 AEgis
1582 718 1585 721 ’

251 810 280 840 «
301 788 415 842 Ista
431 785 571 843 mihi
590 827 606 857 ‚
632 784 782 845 duris
796 783 1039 842 famulus
1058 803 1184 855 cum
1202 780 1421 841 casibus
1434 803 1631 840 omnes

245 895 281 927 α
299 875 503 928 Lustro
528 892 700 949 vagus
725 860 901 927 terras
932 888 948 925 t
976 869 1272 947 ipsaheu!
1304 889 1493 927 comes
1518 867 1666 927 invia

473 976 693 1014 mecum

253 1067 284 1096 ι(
302 1047 533 1098 Tartara
546 1084 562 1114 ‚
581 1042 639 1097 ni
656 1061 886 1118 superos
906 1038 1175 1097 Acheron
1194 1039 1525 1099 excinderet
1541 1078 1558 1109 ‚
1582 1037 1736 1095 isses·

251 1149 281 1179 α
306 1127 392 1183 Tu
416 1141 657 1204 patrem,
687 1127 997 1207 coelumque
1025 1124 1183 1195 mihi,
1213 1125 1348 1198 Quis
1377 1136 1535 1179 tanta
1560 1123 1740 1181 relatu

147 1276 150 1279 Ι
253 1235 283 1264 α
303 1209 546 1287 AEquet‘?
569 1210 717 1267 habe
743 1224 887 1269 totas
906 1252 922 1282 ‚
951 1212 995 1266 si
1016 1227 1175 1267 mens
1201 1207 1526 1266 exscindere
1547 1249 1566 1273 ,

211 1302 241 1339 Ι
470 1293 712 1352 Thebas.

251 1403 280 1433 α
304 1379 458 1436 Cedo
486 1378 747 1455 equidem
770 1421 788 1449 ‚
810 1377 1147 1454 veniamque
1172 1397 1392 1454 precor.
1411 1401 1444 1427 υ
1467 1376 1558 1432 Sic
1585 1395 1739 1435 orsus

472 1463 683 1520 abibat.
1388 1479 1401 1489 ⁸

248 1546 474 1605 Pallada
501 1547 710 1607 mulcet
732 1545 909 1605 honos
939 1587 955 1617 ‚
983 1546 1259 1625 rediitque
1287 1545 1490 1603 ardore
1511 1543 1739 1619 remisso

249 1633 454 1695 Vultus
476 1675 494 1704 ‚
524 1646 581 1690 et
607 1647 796 1690 erecto
814 1635 1084 1690 sederunt
1108 1633 1357 1709 pectoris
1384 1651 1612 1714 angues.
1742 1622 1747 1625 ’

321 1720 503 1775 Sentit
524 1720 714 1776 abesse
741 1721 924 1777 Deum
935 1720 963 1774 ‘t
982 1717 1160 1777 levius
1181 1718 1480 1781 Cadmeius
1503 1718 1744 1793 Haemon·

244 1803 384 1859 Tela
401 1816 551 1861 rotat
574 1847 590 1876 ‚
619 1802 885 1882 nulloque
909 1824 1133 1862 manum
1163 1803 1449 1881 cognoscit
1475 1802 1532 1859 in
1550 1803 1684 1859 ictu.

244 1891 403 1950 Tunc
423 1891 595 1966 magis
609 1932 626 1963 ,
649 1892 1013 1969 atquevmagis
1028 1890 1175 1949 vires
1196 1890 1521 1967 animusque

466 1976 738 2044 recedunt
754 2019 769 2043 ‚

240 2060 364 2118 Nec
381 2059 566 2136 pudor
585 2060 661 2116 ire
683 2073 854 2118 retro,
880 2057 1189 2115 Cedentem
1215 2058 1518 2116 Acheloius
1532 2059 1700 2116 heros

239 2145 511 2220 Impetit‚
538 2155 595 2198 et
621 2143 831 2202 libians
847 2165 940 2199 uni
929 2143 1061 2199 sibi
1077 2144 1282 2201 missile
1306 2148 1478 2202 telum
1500 2188 1518 2216 ,

237 2228 457 2285 Direxit
484 2231 696 2302 jactuS,
722 2250 945 2288 summae
971 2231 1344 2306 quamaigine
1369 2250 1574 2318 parmae

240 2315 362 2370 Ima
390 2315 547 2371 sedet
570 2313 756 2391 galea,
782 2327 838 2371 et
858 2315 1032 2393 juguli
1055 2316 1241 2372 vitalia
1259 2316 1473 2371 lucent.

242 2398 367 2460 Nec
381 2399 557 2456 frustl
559 2411 646 2456 ata
666 2419 893 2472 mamm,
923 2415 1271 2476 mortemque
1299 2399 1590 2472 invenerat

462 2483 664 2549 hasta;

240 2572 347 2628 Sed
363 2568 627 2647 prohibet
642 2612 657 2640 ‚
683 2571 1016 2649 paulumque
1038 2569 1263 2627 humeri
1276 2569 1450 2627 libare
1467 2566 1672 2626 sinistri
1716 2637 1721 2644 ἱ

239 2654 506 2723 Praebuit,
536 2667 587 2711 et
614 2657 813 2713 merito
839 2657 1024 2732 parcit
1053 2655 1306 2710 Tritonia
1334 2656 1514 2710 fratri.

241 2738 343 2794 Ille
373 2753 557 2798 tamen
575 2762 681 2798 nec
700 2756 847 2798 stare
868 2741 991 2800 loco
1013 2782 1028 2808 ‚
1052 2759 1159 2793 nec
1180 2737 1432 2790 cominus
1458 2734 1538 2788 ire
1578 2780 1583 2784 .

240 2825 527 2901 Amplius,
557 2841 651 2888 aut
677 2828 860 2884 vultus
880 2822 1047 2880 audet
1072 2822 1319 2895 perferre
1337 2820 1558 2876 cruenti

242 2910 468 2985 Tydeos
500 2931 513 2967 ε
541 2931 681 2985 aegra
712 2911 895 2965 animo
920 2901 1038 2973 iiis,
1068 2925 1131 2959 ac
1158 2903 1365 2963 fiducia
1395 2906 1577 2976 cessit.

243 2993 435 3068 Qualis
461 2994 758 3070 setigeram
779 2994 1004 3048 Lucana
1033 2988 1266 3067 cuspide
1292 2991 1583 3056 frontems
1604 3046 1621 3062 ,
