2079 3613
533 341 633 396 231
730 339 1163 399 sYLvARUM,
1218 339 1359 386 mn.
1414 339 1497 387 11.
1642 322 1769 409 477

275 435 366 492 Tu
385 435 627 510 prohibe
641 455 870 491 manare
883 454 1054 510 genas
1071 455 1090 502 3
1113 445 1419 507 noctesque
1437 437 1631 488 beatas

276 518 550 586 Dulcibus
566 519 823 596 alloquiis
843 561 860 590 ‚
888 532 944 575 et
963 520 1106 578 vivis
1122 517 1365 577 vultibus
1385 516 1553 593 imple
1576 537 1591 574 ε

276 606 346 661 Et
370 606 605 680 periisse
625 624 770 680 nega
793 646 809 672 ‚
832 603 1252 679 desolatamque
1269 621 1517 662 sororem
1533 642 1550 671 ‚

276 689 385 763 Qui
411 703 596 766 potes»,
625 702 682 745 et
712 690 947 745 miseros
973 709 1144 768 perge
1170 687 1457 745 insinuare
1482 695 1772 762 parentes.

276 813 1775 863 aeaeaemwmmmaeaeaesaeaeae-

970 921 1081 974 11.

440 1039 785 1098 VILLA
868 1036 1604 1119 SURRENTINA

640 1175 943 1215 Pehb-11
1024 1173 1391 1213 FELICIS.

274 1273 417 1358 Esr
445 1303 591 1358 inter
608 1314 772 1359 notos
794 1302 1051 1360 Sirenum
1068 1301 1292 1358 nomine
1307 1318 1498 1357 muros
1516 1342 1533 1369 ‚
1583 1346 1584 1351 ,

272 1386 523 1463 Saxaque
549 1386 850 1466 Tyrrhenae
875 1386 1103 1463 templis
1115 1396 1345 1441 onerata
1355 1384 1633 1463 Minervae
1655 1423 1674 1454 ‚

272 1469 438 1527 Celsa
457 1469 751 1528 Dicarchei
770 1471 1114 1547 speculatrix
1135 1470 1267 1527 villa
1287 1466 1587 1546 profundi,

268 1560 393 1628 Qua
411 1559 632 1614 Bromio
651 1557 891 1615 dilectus
913 1572 1049 1634 apr
1064 1599 1081 1626 ‚
1111 1557 1389 1631 collesque
1408 1576 1514 1631 per
1534 1554 1679 1612 altos

270 1640 496 1709 Uritur,
524 1654 580 1697 et
602 1640 783 1717 praelis
804 1660 920 1696 non
945 1639 1162 1697 invidet
1191 1651 1301 1696 uv'a
1319 1639 1585 1694 Falernis.

271 1727 396 1781 Huc
415 1744 504 1780 me
522 1735 650 1801 post
665 1724 835 1801 patrii
848 1724 1031 1781 laetum
1049 1723 1439 1800 quinquennia
1453 1722 1612 1779 lustri
1626 1764 1643 1791 ‚

270 1811 411 1866 Cum
429 1810 729 1885 stadiojam
747 1823 909 1886 parta
930 1809 1092 1886 quies
1112 1850 1127 1878 ‚
1154 1825 1440 1882 canusque
1461 1806 1679 1864 sederet

272 1893 490 1966 Pulvis,
520 1894 593 1951 ad
618 1895 939 1951 Ambracias
956 1912 1225 1952 conversa
1243 1891 1527 1976 gymnade

499 1981 771 2047 frondes

273 2067 452 2121 Trans
476 2065 679 2142 gentile
700 2067 905 2123 fretum
929 2063 1140 2142 placidi
1163 2062 1440 2121 facundia
1460 2061 1599 2126 Belli

273 2148 512 2219 Detulit,
534 2164 589 2208 et
615 2151 807 2209 nitidae
824 2150 1085 2226 juvenilis
1102 2149 1287 2226 gratia
1315 2147 1507 2216 Pollae,

273 2232 564 2291 Flectere
548 2257 659 2311 jam
687 2236 954 2313 cupidum
981 2254 1233 2309 gressu5‚
1243 2253 1376 2328 ‘qua
1387 2231 1571 2291 ‘limite
1597 2245 1738 2291 uoto

272 2319 458 2396 Appia
472 2319 761 2396 longarum
780 2320 977 2377 teritui
995 2321 1186 2394 regina
1202 2316 1437 2375 viarum.

272 2403 378 2458 Sed
395 2406 590 2478 juvere
612 2422 797 2458 morae.
831 2402 1059 2458 Placido
1078 2404 1268 2456 lunata
1292 2419 1540 2466 recessu,

273 2488 418 2542 Hinc
445 2501 614 2562 atque
631 2486 763 2542 hinc
782 2505 982 2544 curvas
998 2495 1371 2563 perrumpunt
1391 2502 1615 2558 aequora

491 2590 660 2647 rupes
689 2590 702 2625 z
904 2593 937 2624 a
1209 2599 1264 2662 .

273 2656 386 2713 Dat
407 2668 603 2713 natura
628 2654 813 2713 locum
840 2674 857 2726 ;
882 2656 1176 2730 montique
1203 2653 1505 2728 intervenit
1531 2653 1704 2711 udum

272 2742 456 2800 Littus
474 2783 490 2813 ,
508 2747 578 2800 'et
604 2742 861 2814 ulteriuS‚
892 2739 1137 2815 scopulis
1149 2738 1524 2816 pendentibus
1541 2780 1557 2810 ,
1580 2741 1710 2797 exit.

273 2826 474 2882 Gratia
497 2827 680 2903 prima
704 2827 842 2894 loci,
867 2826 1090 2903 gemina
1107 2823 1387 2884 testudine
1405 2824 1621 2880 fumant

275 2909 512 2980 Balnea,
534 2923 589 2968 et
614 2932 644 2968 e
662 2911 826 2969 terris
846 2910 1096 2967 occurrit
1124 2908 1303 2966 dulcis
1329 2928 1518 2964 amaro

276 2994 537 3074 Nympha
562 2997 720 3053 mari.
752 2996 911 3056 Levis
929 2994 1020 3078 bic
1045 2993 1266 3051 Phorci
1274 2993 1507 3064 chorus,
1535 2994 1770 3071 udaque

504 3077 680 3137 crines
976 3103 980 3106 ·
1546 3104 1550 3108 ·
