2079 3613
453 285 551 342 162
691 280 1135 342 ΤΗΕΒΑΙῐιοε,
1188 280 1333 325 mn.
1385 278 1494 326 vn
1689 269 1801 327 151

310 408 342 435 a
362 382 540 454 Nate,
576 379 785 457 magis,
833 377 1007 434 solam
1041 393 1241 444 nosse,
1280 383 1446 448 atque
1486 369 1679 428 audire

523 477 827 526 vocantem
837 506 858 560 ,⁹

315 576 345 605 «
369 556 711 629 Ignamsque
737 549 887 605 mei:
916 546 1068 605 nulla
1096 566 1166 603 ex
1190 558 1247 604 te
1273 541 1479 620 gaudia
1503 538 1685 597 matri.

318 664 347 692 «
366 639 466 695 Illa
493 652 619 696 tuos
638 650 896 714 φιεειιιε,
921 630 1419 711 lacrymososque
1404 630 1601 725 impia
1605 627 1745 688 ιίειιε

313 749 343 778 α
362 726 592 794 Audiit,
624 736 681 779 et
710 722 866 778 vocis
891 718 1178 794 decerpsit
1203 735 1488 776 murmura
1512 714 1723 790 primae.

310 837 341 864 «
361 811 463 867 Illa
488 765 592 866 tibi
619 808 862 885 genitrix
883 826 1105 883 semper
1121 847 1138 874 ‚
1169 804 1306 864 dum
1325 803 1440 860 vita
1460 800 1722 858 manebat
1740 841 1760 870 ‚

308 920 337 949 ι(
355 901 519 951 Nunc
542 899 676 970 ego!
703 893 799 950 sed
819 893 1033 949 miserae
1057 890 1193 947 mihi
1220 910 1322 946 nec
1341 889 1546 965 punire
1569 900 1821 964 potestas

306 1007 335 1035 ιι
361 983 457 1038 Sic
478 979 773 1038 meritam!
801 979 954 1051 Quid
983 983 1168 1050 dona,
1194 979 1398 1046 duma,
1427 976 1566 1051 quid
1588 975 1784 1034 inania

531 1067 688 1121 sertis
1545 1105 1548 1106 ⁷

312 1177 341 1206 κ
363 1155 399 1209 J
402 1163 523 1206 mta
552 1172 582 1206 r
584 1147 741 1225 ogis?
759 1147 908 1203 illam
916 1145 1038 1248 guil
1056 1158 1309 1243 poscunt·
1319 1146 1560 1222 amplius
1578 1147 1811 1227 umhrae)

310 1260 341 1289 «
365 1235 526 1292 Illam
556 1231 730 1313 (oro)
760 1233 941 1290 cineri
960 1230 1159 1299 simul,
1190 1231 1491 1308 excisaeque
1520 1233 1741 1307 parenti

311 1343 341 1372 «
367 1320 617 1377 Reddite
635 1361 653 1389 ‚
670 1337 887 1396 quaese,
906 1316 1115 1372 duces·
1101 1359 1116 1387 ‚
1134 1336 1235 1392 per
1250 1336 1353 1393 ego
1372 1316 1489 1373 haec
1508 1314 1816 1391 primordia

525 1402 686 1473 belli,

312 1513 341 1544 κ
365 1490 475 1546 Cui
501 1487 703 1567 peperi
726 1508 741 1544 t
770 1490 851 1546 sic
877 1503 1039 1566 aequa
1062 1500 1292 1565 gemant
1321 1487 1459 1544 mihi
1482 1489 1679 1545 funera

530 1589 737 1632 matres

311 1686 343 1715 <c
360 1659 618 1739 Ogygiae!
644 1661 851 1718 Sternit
877 1660 1096 1731 crines,
1124 1660 1406 1737 iteratque
1432 1659 1721 1738 precando
1738 1701 1754 1729 ‚

311 1772 341 1802 α
360 1746 630 1804 Reddite.
648 1766 757 1803 nec
774 1766 913 1804 veto
933 1745 1242 1818 crudelem,
1265 1746 1595 1822 avidamque
1613 1757 1811 1803 vocate

310 1859 338 1888 «
362 1834 695 1912 Sanguinis·
719 1838 1046 1889 occumbam
1070 1835 1313 1912 pariter,
1340 1834 1477 1889 dum
1503 1832 1743 1891 vulnere

525 1923 679 1996 justo

313 2030 341 2060 α
362 2007 690 2062 Exsaturata
709 2004 916 2075 ocuIOS‚
934 2024 1105 2061 unum
1123 2004 1505 2080 impellamur
1487 2024 1546 2061 m
1564 2005 1811 2082 ignem.»

384 2089 541 2146 Talia
565 2090 890 2148 vociferans
905 2128 925 2160 ‚
954 2089 1062 2145 alia
1083 2091 1155 2147 de
1180 2103 1342 2168 parte
1369 2104 1679 2166 gementem

305 2173 669 2253 Hypsipylen
697 2173 923 2265 (neque
942 2176 1093 2233 enim
1119 2176 1213 2233 illa
1241 2195 1430 2233 comas
1445 2196 1553 2234 nec
1571 2188 1810 2256 pectora

523 2275 711 2319 servat
727 2257 751 2338 )

302 2346 542 2424 Agnovit
565 2348 763 2422 longe,
791 2360 848 2403 et
873 2347 1090 2404 socium
1113 2349 1409 2425 indignata
1435 2348 1685 2405 dolorem
1706 2367 1723 2402 τ

305 2456 336 2484 κ
355 2435 484 2487 Hoc
504 2429 736 2500 saltem,
764 2448 800 2484 ο
824 2448 1126 2504 procereS,
1154 2445 1363 2510 tuque,
1393 2453 1427 2490 o
1450 2428 1541 2488 cui
1563 2432 1805 2510 pignore

518 2526 714 2567 nostro

308 2600 557 2656 «Partus
592 2595 776 2654 honos
797 2635 814 2666 ,
858 2598 1161 2674 prohibete
1195 2605 1394 2659 nefas!
1432 2605 1671 2658 Auferte

523 2683 799 2761 supremis

304 2797 335 2827 «
356 2772 603 2830 Invisam
627 2769 927 2848 exsequiis·
956 2770 1106 2845 Quid
1132 2789 1191 2828 se
1219 2771 1439 2828 funesta
1447 2774 1688 2859 perenn

304 2885 339 2911 «ι
357 2858 586 2928 Miscet,
612 2869 668 2914 et
695 2857 754 2913 in
772 2857 975 2914 nostris
999 2870 1294 2936 spectatur
1321 2870 1379 2913 et
1405 2858 1528 2935 ipsa
1546 2860 1724 2917 ruinis
1743 2864 1768 2916 7

305 2972 335 3000 «
354 2947 460 3002 Cui
483 2949 671 3024 luget,
695 2945 985 3023 complexa
1011 2947 1186 3006 suos'?
1207 2972 1236 3002 n
1265 2947 1360 3005 Sic
1386 2944 1532 3019 fata,
1562 2961 1797 3025 repente

302 3033 595 3109 Concidit,
623 3028 988 3112 abruptisque
1015 3035 1298 3094 obmutuit
1323 3053 1418 3091 ore
1445 3035 1708 3111 querelis,
