<?xml version="1.0" encoding="UTF-8"?>
<!DOCTYPE html PUBLIC "-//W3C//DTD XHTML 1.0 Transitional//EN"
    "http://www.w3.org/TR/xhtml1/DTD/xhtml1-transitional.dtd">
<html xmlns="http://www.w3.org/1999/xhtml" xml:lang="en" lang="en">
 <head>
  <title>
</title>
<meta http-equiv="Content-Type" content="text/html;charset=utf-8" />
  <meta name='ocr-system' content='tesseract 3.04.00' />
  <meta name='ocr-capabilities' content='ocr_page ocr_carea ocr_par ocr_line ocrx_word'/>
</head>
<body>
  <div class='ocr_page' id='page_1' title='image "./operaadoptimeed00statgoog/operaadoptimeed00statgoog_0076.png"; bbox 0 0 2079 3613; ppageno 0'>
   <div class='ocr_carea' id='block_1_1' title="bbox 291 287 1639 360">
    <p class='ocr_par' dir='ltr' id='par_1_1' title="bbox 291 287 1639 360">
     <span class='ocr_line' id='line_1_1' title="bbox 291 287 1639 360; baseline -0.01 -12"><span class='ocrx_word' id='word_1_1' title='bbox 291 290 390 349; x_wconf 78' lang='lat'><strong>‚50</strong></span> <span class='ocrx_word' id='word_1_2' title='bbox 661 292 1061 348; x_wconf 71' lang='lat' dir='ltr'>THEBAIDOS</span> <span class='ocrx_word' id='word_1_3' title='bbox 1080 323 1096 353; x_wconf 85' lang='lat'>‚</span> <span class='ocrx_word' id='word_1_4' title='bbox 1123 334 1126 335; x_wconf 10' lang='grc' dir='ltr'><em>γ</em></span> <span class='ocrx_word' id='word_1_5' title='bbox 1149 291 1294 337; x_wconf 87' lang='lat' dir='ltr'>L113.</span> <span class='ocrx_word' id='word_1_6' title='bbox 1347 289 1433 335; x_wconf 89' lang='lat'><strong>11.</strong></span> <span class='ocrx_word' id='word_1_7' title='bbox 1533 287 1639 360; x_wconf 80' lang='lat'><strong>59²</strong></span> 
     </span>
    </p>
   </div>
   <div class='ocr_carea' id='block_1_2' title="bbox 301 379 1813 3111">
    <p class='ocr_par' dir='ltr' id='par_1_2' title="bbox 301 379 1813 3111">
     <span class='ocr_line' id='line_1_2' title="bbox 306 379 1642 457; baseline -0.011 -8"><span class='ocrx_word' id='word_1_8' title='bbox 306 397 380 451; x_wconf 84' lang='lat' dir='ltr'><strong>In</strong></span> <span class='ocrx_word' id='word_1_9' title='bbox 409 393 588 450; x_wconf 89' lang='lat' dir='ltr'><strong>socios</strong></span> <span class='ocrx_word' id='word_1_10' title='bbox 619 409 802 446; x_wconf 90' lang='lat' dir='ltr'><strong>errare</strong></span> <span class='ocrx_word' id='word_1_11' title='bbox 834 406 1064 455; x_wconf 78' lang='lat' dir='ltr'><strong>manuS‚</strong></span> <span class='ocrx_word' id='word_1_12' title='bbox 1103 396 1159 440; x_wconf 88' lang='lat' dir='ltr'><strong>et</strong></span> <span class='ocrx_word' id='word_1_13' title='bbox 1189 401 1427 457; x_wconf 89' lang='lat' dir='ltr'><strong>corpora</strong></span> <span class='ocrx_word' id='word_1_14' title='bbox 1453 379 1642 435; x_wconf 86' lang='lat' dir='ltr'><strong>turba.</strong></span> 
     </span>
     <span class='ocr_line' id='line_1_3' title="bbox 305 462 1589 552; baseline -0.013 -16"><span class='ocrx_word' id='word_1_15' title='bbox 305 477 522 536; x_wconf 87' lang='lat' dir='ltr'><strong>Involvi</strong></span> <span class='ocrx_word' id='word_1_16' title='bbox 547 475 810 552; x_wconf 86' lang='lat' dir='ltr'><strong>prolapsa</strong></span> <span class='ocrx_word' id='word_1_17' title='bbox 842 492 958 527; x_wconf 91' lang='lat' dir='ltr'><strong>sua.</strong></span> <span class='ocrx_word' id='word_1_18' title='bbox 992 472 1184 525; x_wconf 89' lang='lat' dir='ltr'><strong>Manet</strong></span> <span class='ocrx_word' id='word_1_19' title='bbox 1213 465 1306 522; x_wconf 88' lang='lat' dir='ltr'><strong>ille</strong></span> <span class='ocrx_word' id='word_1_20' title='bbox 1340 462 1589 520; x_wconf 89' lang='lat' dir='ltr'><strong>cruentis</strong></span> 
     </span>
     <span class='ocr_line' id='line_1_4' title="bbox 305 548 1544 638; baseline -0.015 -18"><span class='ocrx_word' id='word_1_21' title='bbox 305 567 587 638; x_wconf 85' lang='lat' dir='ltr'>Angustus</span> <span class='ocrx_word' id='word_1_22' title='bbox 611 555 764 622; x_wconf 80' lang='lat' dir='ltr'><strong>telis,</strong></span> <span class='ocrx_word' id='word_1_23' title='bbox 790 568 848 610; x_wconf 86' lang='lat' dir='ltr'><strong>et</strong></span> <span class='ocrx_word' id='word_1_24' title='bbox 873 549 1315 628; x_wconf 84' lang='lat' dir='ltr'><strong>inexpugnabilis</strong></span> <span class='ocrx_word' id='word_1_25' title='bbox 1341 548 1544 605; x_wconf 84' lang='lat' dir='ltr'><strong>obstat.</strong></span> 
     </span>
     <span class='ocr_line' id='line_1_5' title="bbox 302 630 1756 718; baseline -0.014 -11"><span class='ocrx_word' id='word_1_26' title='bbox 302 650 433 707; x_wconf 86' lang='lat' dir='ltr'><strong>Non</strong></span> <span class='ocrx_word' id='word_1_27' title='bbox 457 644 622 701; x_wconf 85' lang='lat' dir='ltr'><strong>aliter</strong></span> <span class='ocrx_word' id='word_1_28' title='bbox 652 639 896 718; x_wconf 70' lang='lat' dir='ltr'><strong>(Geticae</strong></span> <span class='ocrx_word' id='word_1_29' title='bbox 922 637 966 691; x_wconf 91' lang='lat' dir='ltr'><strong>si</strong></span> <span class='ocrx_word' id='word_1_30' title='bbox 992 637 1078 692; x_wconf 84' lang='lat' dir='ltr'><strong>fas</strong></span> <span class='ocrx_word' id='word_1_31' title='bbox 1103 647 1187 689; x_wconf 91' lang='lat' dir='ltr'><strong>est</strong></span> <span class='ocrx_word' id='word_1_32' title='bbox 1214 632 1444 688; x_wconf 82' lang='lat' dir='ltr'><strong>credere</strong></span> <span class='ocrx_word' id='word_1_33' title='bbox 1470 630 1756 708; x_wconf 82' lang='lat' dir='ltr'><strong>Phlegrae)</strong></span> 
     </span>
     <span class='ocr_line' id='line_1_6' title="bbox 301 717 1804 791; baseline -0.012 -1"><span class='ocrx_word' id='word_1_34' title='bbox 301 738 441 791; x_wconf 88' lang='lat' dir='ltr'><strong>Arm</strong></span> <span class='ocrx_word' id='word_1_35' title='bbox 448 744 604 786; x_wconf 89' lang='lat' dir='ltr'><strong>atum</strong></span> <span class='ocrx_word' id='word_1_36' title='bbox 619 727 919 781; x_wconf 89' lang='lat' dir='ltr'><strong>immensus</strong></span> <span class='ocrx_word' id='word_1_37' title='bbox 930 722 1185 777; x_wconf 87' lang='lat' dir='ltr'><strong>Briareus</strong></span> <span class='ocrx_word' id='word_1_38' title='bbox 1202 718 1357 774; x_wconf 89' lang='lat' dir='ltr'><strong>stetit</strong></span> <span class='ocrx_word' id='word_1_39' title='bbox 1369 717 1575 773; x_wconf 83' lang='lat' dir='ltr'><strong>aethera</strong></span> <span class='ocrx_word' id='word_1_40' title='bbox 1587 732 1804 787; x_wconf 87' lang='lat' dir='ltr'><strong>contra,</strong></span> 
     </span>
     <span class='ocr_line' id='line_1_7' title="bbox 301 800 1732 884; baseline -0.014 -9"><span class='ocrx_word' id='word_1_41' title='bbox 301 818 454 875; x_wconf 87' lang='lat' dir='ltr'><strong>Hinc</strong></span> <span class='ocrx_word' id='word_1_42' title='bbox 497 811 693 871; x_wconf 82' lang='lat' dir='ltr'>Phoebi</span> <span class='ocrx_word' id='word_1_43' title='bbox 734 808 1024 884; x_wconf 75' lang='lat' dir='ltr'><strong>pharetras</strong></span> <span class='ocrx_word' id='word_1_44' title='bbox 1046 847 1063 876; x_wconf 88' lang='grc'><strong>.,</strong></span> <span class='ocrx_word' id='word_1_45' title='bbox 1102 804 1239 860; x_wconf 81' lang='lat' dir='ltr'><strong>hinc</strong></span> <span class='ocrx_word' id='word_1_46' title='bbox 1282 815 1459 860; x_wconf 83' lang='lat' dir='ltr'><strong>torvae</strong></span> <span class='ocrx_word' id='word_1_47' title='bbox 1497 800 1732 859; x_wconf 89' lang='lat' dir='ltr'><strong>Palladis</strong></span> 
     </span>
     <span class='ocr_line' id='line_1_8' title="bbox 461 915 701 973; baseline -0.013 -19"><span class='ocrx_word' id='word_1_48' title='bbox 461 915 701 973; x_wconf 79' lang='lat' dir='ltr'><strong>angue53</strong></span> 
     </span>
     <span class='ocr_line' id='line_1_9' title="bbox 306 974 1626 1053; baseline -0.013 -8"><span class='ocrx_word' id='word_1_49' title='bbox 306 986 455 1046; x_wconf 90' lang='lat' dir='ltr'><strong>Inde</strong></span> <span class='ocrx_word' id='word_1_50' title='bbox 484 979 884 1040; x_wconf 84' lang='lat' dir='ltr'><strong>Pelethroniam</strong></span> <span class='ocrx_word' id='word_1_51' title='bbox 910 978 1139 1053; x_wconf 79' lang='lat' dir='ltr'><strong>praefixa</strong></span> <span class='ocrx_word' id='word_1_52' title='bbox 1169 975 1400 1051; x_wconf 85' lang='lat' dir='ltr'><strong>cuspide</strong></span> <span class='ocrx_word' id='word_1_53' title='bbox 1430 974 1626 1051; x_wconf 87' lang='lat' dir='ltr'><strong>pinum</strong></span> 
     </span>
     <span class='ocr_line' id='line_1_10' title="bbox 307 1064 1806 1142; baseline -0.011 -12"><span class='ocrx_word' id='word_1_54' title='bbox 307 1071 534 1142; x_wconf 88' lang='lat' dir='ltr'><strong>Martis;</strong></span> <span class='ocrx_word' id='word_1_55' title='bbox 557 1082 612 1126; x_wconf 88' lang='lat' dir='ltr'><strong>at</strong></span> <span class='ocrx_word' id='word_1_56' title='bbox 631 1068 767 1124; x_wconf 91' lang='lat' dir='ltr'><strong>hinc</strong></span> <span class='ocrx_word' id='word_1_57' title='bbox 792 1066 935 1120; x_wconf 88' lang='lat' dir='ltr'><strong>lasso</strong></span> <span class='ocrx_word' id='word_1_58' title='bbox 959 1076 1174 1118; x_wconf 90' lang='lat' dir='ltr'><strong>mutata</strong></span> <span class='ocrx_word' id='word_1_59' title='bbox 1193 1064 1533 1136; x_wconf 74' lang='lat' dir='ltr'><strong>Pyracmone</strong></span> <span class='ocrx_word' id='word_1_60' title='bbox 1559 1071 1806 1117; x_wconf 88' lang='lat' dir='ltr'>temnens</span> 
     </span>
     <span class='ocr_line' id='line_1_11' title="bbox 305 1144 1807 1225; baseline -0.011 -10"><span class='ocrx_word' id='word_1_61' title='bbox 305 1158 578 1225; x_wconf 86' lang='lat' dir='ltr'><strong>Fulmina,</strong></span> <span class='ocrx_word' id='word_1_62' title='bbox 601 1175 729 1211; x_wconf 89' lang='lat' dir='ltr'><strong>cum</strong></span> <span class='ocrx_word' id='word_1_63' title='bbox 746 1165 864 1207; x_wconf 80' lang='lat' dir='ltr'><strong>toto</strong></span> <span class='ocrx_word' id='word_1_64' title='bbox 882 1148 1268 1225; x_wconf 84' lang='lat' dir='ltr'><strong>nequidquam</strong></span> <span class='ocrx_word' id='word_1_65' title='bbox 1289 1147 1544 1202; x_wconf 85' lang='lat' dir='ltr'><strong>obsessus</strong></span> <span class='ocrx_word' id='word_1_66' title='bbox 1560 1144 1807 1221; x_wconf 87' lang='lat' dir='ltr'><strong>Olympo</strong></span> 
     </span>
     <span class='ocr_line' id='line_1_12' title="bbox 307 1233 1772 1319; baseline -0.01 -17"><span class='ocrx_word' id='word_1_67' title='bbox 307 1246 420 1301; x_wconf 88' lang='lat' dir='ltr'><strong>Tot</strong></span> <span class='ocrx_word' id='word_1_68' title='bbox 447 1242 702 1319; x_wconf 87' lang='lat' dir='ltr'><strong>queritur</strong></span> <span class='ocrx_word' id='word_1_69' title='bbox 727 1257 935 1295; x_wconf 88' lang='lat' dir='ltr'><strong>cessare</strong></span> <span class='ocrx_word' id='word_1_70' title='bbox 960 1255 1156 1291; x_wconf 88' lang='lat' dir='ltr'><strong>manus</strong></span> <span class='ocrx_word' id='word_1_71' title='bbox 1181 1254 1194 1290; x_wconf 74' lang='grc' dir='ltr'><strong><em>ε</em></strong></span> <span class='ocrx_word' id='word_1_72' title='bbox 1222 1255 1335 1290; x_wconf 90' lang='lat' dir='ltr'><strong>non</strong></span> <span class='ocrx_word' id='word_1_73' title='bbox 1361 1233 1584 1310; x_wconf 88' lang='lat' dir='ltr'><strong>segnius</strong></span> <span class='ocrx_word' id='word_1_74' title='bbox 1610 1233 1772 1288; x_wconf 87' lang='lat' dir='ltr'><strong>ardet</strong></span> 
     </span>
     <span class='ocr_line' id='line_1_13' title="bbox 307 1316 1811 1401; baseline -0.009 -14"><span class='ocrx_word' id='word_1_75' title='bbox 307 1333 440 1388; x_wconf 91' lang='lat' dir='ltr'><strong>Huc</strong></span> <span class='ocrx_word' id='word_1_76' title='bbox 455 1328 588 1383; x_wconf 85' lang='lat' dir='ltr'><strong>illuc</strong></span> <span class='ocrx_word' id='word_1_77' title='bbox 605 1324 867 1401; x_wconf 80' lang='lat' dir='ltr'><strong>clypeum</strong></span> <span class='ocrx_word' id='word_1_78' title='bbox 886 1320 1188 1396; x_wconf 88' lang='lat' dir='ltr'><strong>objectans,</strong></span> <span class='ocrx_word' id='word_1_79' title='bbox 1211 1339 1382 1395; x_wconf 90' lang='lat' dir='ltr'><strong>seque</strong></span> <span class='ocrx_word' id='word_1_80' title='bbox 1401 1318 1519 1394; x_wconf 92' lang='lat' dir='ltr'><strong>ipse</strong></span> <span class='ocrx_word' id='word_1_81' title='bbox 1539 1316 1811 1373; x_wconf 85' lang='lat' dir='ltr'>recedens</span> 
     </span>
     <span class='ocr_line' id='line_1_14' title="bbox 311 1403 1720 1481; baseline -0.011 -10"><span class='ocrx_word' id='word_1_82' title='bbox 311 1414 564 1472; x_wconf 84' lang='lat' dir='ltr'><strong>Circuit:</strong></span> <span class='ocrx_word' id='word_1_83' title='bbox 591 1408 873 1466; x_wconf 84' lang='lat' dir='ltr'><strong>interdum</strong></span> <span class='ocrx_word' id='word_1_84' title='bbox 899 1406 1133 1481; x_wconf 88' lang='lat' dir='ltr'><strong>trepidis</strong></span> <span class='ocrx_word' id='word_1_85' title='bbox 1160 1410 1437 1468; x_wconf 87' lang='lat' dir='ltr'><strong>occurrit,</strong></span> <span class='ocrx_word' id='word_1_86' title='bbox 1469 1415 1526 1457; x_wconf 91' lang='lat' dir='ltr'><strong>et</strong></span> <span class='ocrx_word' id='word_1_87' title='bbox 1550 1403 1720 1458; x_wconf 84' lang='lat' dir='ltr'><strong>instat</strong></span> 
     </span>
     <span class='ocr_line' id='line_1_15' title="bbox 310 1485 1661 1574; baseline -0.013 -17"><span class='ocrx_word' id='word_1_88' title='bbox 310 1498 537 1574; x_wconf 85' lang='lat' dir='ltr'><strong>Spicula</strong></span> <span class='ocrx_word' id='word_1_89' title='bbox 563 1493 864 1562; x_wconf 85' lang='lat' dir='ltr'><strong>divellens,</strong></span> <span class='ocrx_word' id='word_1_90' title='bbox 901 1491 1100 1568; x_wconf 84' lang='lat' dir='ltr'><strong>clypeo</strong></span> <span class='ocrx_word' id='word_1_91' title='bbox 1130 1509 1251 1564; x_wconf 83' lang='lat' dir='ltr'><strong>quae</strong></span> <span class='ocrx_word' id='word_1_92' title='bbox 1277 1485 1517 1564; x_wconf 85' lang='lat' dir='ltr'><strong>plurima</strong></span> <span class='ocrx_word' id='word_1_93' title='bbox 1541 1498 1661 1541; x_wconf 92' lang='lat' dir='ltr'><strong>toto</strong></span> 
     </span>
     <span class='ocr_line' id='line_1_16' title="bbox 309 1576 1734 1652; baseline -0.012 -10"><span class='ocrx_word' id='word_1_94' title='bbox 309 1584 451 1644; x_wconf 81' lang='lat' dir='ltr'><strong>Fixa</strong></span> <span class='ocrx_word' id='word_1_95' title='bbox 476 1592 752 1651; x_wconf 80' lang='lat' dir='ltr'><strong>tremunt,</strong></span> <span class='ocrx_word' id='word_1_96' title='bbox 778 1590 1104 1652; x_wconf 81' lang='lat' dir='ltr'><strong>armantque</strong></span> <span class='ocrx_word' id='word_1_97' title='bbox 1130 1576 1337 1633; x_wconf 81' lang='lat' dir='ltr'><strong>virum:</strong></span> <span class='ocrx_word' id='word_1_98' title='bbox 1366 1592 1512 1649; x_wconf 84' lang='lat' dir='ltr'><strong>saepe</strong></span> <span class='ocrx_word' id='word_1_99' title='bbox 1535 1590 1734 1648; x_wconf 83' lang='lat' dir='ltr'><strong>aspera</strong></span> 
     </span>
     <span class='ocr_line' id='line_1_17' title="bbox 462 1687 691 1744; baseline -0.009 -20"><span class='ocrx_word' id='word_1_100' title='bbox 462 1687 691 1744; x_wconf 88' lang='lat' dir='ltr'><strong>passum</strong></span> 
     </span>
     <span class='ocr_line' id='line_1_18' title="bbox 312 1746 1770 1823; baseline -0.012 -9"><span class='ocrx_word' id='word_1_101' title='bbox 312 1754 566 1815; x_wconf 77' lang='lat' dir='ltr'><strong>Vulnera</strong></span> <span class='ocrx_word' id='word_1_102' title='bbox 584 1796 598 1823; x_wconf 91' lang='lat'>,</span> <span class='ocrx_word' id='word_1_103' title='bbox 621 1749 720 1806; x_wconf 91' lang='lat' dir='ltr'><strong>sed</strong></span> <span class='ocrx_word' id='word_1_104' title='bbox 742 1748 951 1806; x_wconf 85' lang='lat' dir='ltr'><strong>nullum</strong></span> <span class='ocrx_word' id='word_1_105' title='bbox 977 1748 1105 1806; x_wconf 78' lang='lat' dir='ltr'><strong>vitae</strong></span> <span class='ocrx_word' id='word_1_106' title='bbox 1130 1746 1188 1802; x_wconf 91' lang='lat' dir='ltr'><strong>in</strong></span> <span class='ocrx_word' id='word_1_107' title='bbox 1210 1755 1421 1802; x_wconf 85' lang='lat' dir='ltr'><strong>secreta</strong></span> <span class='ocrx_word' id='word_1_108' title='bbox 1449 1753 1770 1819; x_wconf 81' lang='lat' dir='ltr'><strong>receptum,</strong></span> 
     </span>
     <span class='ocr_line' id='line_1_19' title="bbox 314 1828 1808 1911; baseline -0.013 -14"><span class='ocrx_word' id='word_1_109' title='bbox 314 1843 432 1898; x_wconf 89' lang='lat' dir='ltr'><strong>Nec</strong></span> <span class='ocrx_word' id='word_1_110' title='bbox 458 1851 696 1895; x_wconf 90' lang='lat' dir='ltr'><strong>mortem</strong></span> <span class='ocrx_word' id='word_1_111' title='bbox 730 1851 965 1911; x_wconf 84' lang='lat' dir='ltr'><strong>sperare·</strong></span> <span class='ocrx_word' id='word_1_112' title='bbox 980 1832 1155 1892; x_wconf 76' lang='lat' dir='ltr'><strong>valet,</strong></span> <span class='ocrx_word' id='word_1_113' title='bbox 1182 1833 1354 1887; x_wconf 88' lang='lat' dir='ltr'><strong>Rotat</strong></span> <span class='ocrx_word' id='word_1_114' title='bbox 1378 1829 1497 1907; x_wconf 89' lang='lat' dir='ltr'><strong>ipse</strong></span> <span class='ocrx_word' id='word_1_115' title='bbox 1523 1828 1808 1884; x_wconf 88' lang='lat' dir='ltr'><strong>furentem</strong></span> 
     </span>
     <span class='ocr_line' id='line_1_20' title="bbox 308 1916 1806 2002; baseline -0.014 -12"><span class='ocrx_word' id='word_1_116' title='bbox 308 1932 670 1998; x_wconf 90' lang='lat' dir='ltr'><strong>Deilochum,</strong></span> <span class='ocrx_word' id='word_1_117' title='bbox 690 1928 1063 2002; x_wconf 89' lang='lat' dir='ltr'><strong>comitemque</strong></span> <span class='ocrx_word' id='word_1_118' title='bbox 1082 1924 1163 1980; x_wconf 90' lang='lat' dir='ltr'><strong>illi</strong></span> <span class='ocrx_word' id='word_1_119' title='bbox 1184 1923 1341 1998; x_wconf 87' lang='lat' dir='ltr'><strong>jubet</strong></span> <span class='ocrx_word' id='word_1_120' title='bbox 1358 1922 1438 1976; x_wconf 88' lang='lat' dir='ltr'><strong>ire</strong></span> <span class='ocrx_word' id='word_1_121' title='bbox 1459 1919 1562 1974; x_wconf 88' lang='lat' dir='ltr'><strong>sub</strong></span> <span class='ocrx_word' id='word_1_122' title='bbox 1581 1916 1806 1972; x_wconf 86' lang='lat' dir='ltr'><strong>umbras</strong></span> 
     </span>
     <span class='ocr_line' id='line_1_21' title="bbox 311 1999 1595 2093; baseline -0.016 -19"><span class='ocrx_word' id='word_1_123' title='bbox 311 2018 561 2093; x_wconf 84' lang='lat' dir='ltr'><strong>Phegea,</strong></span> <span class='ocrx_word' id='word_1_124' title='bbox 587 2013 801 2072; x_wconf 88' lang='lat' dir='ltr'><strong>sublata</strong></span> <span class='ocrx_word' id='word_1_125' title='bbox 826 2012 1185 2067; x_wconf 85' lang='lat' dir='ltr'><strong>minitantem</strong></span> <span class='ocrx_word' id='word_1_126' title='bbox 1206 2005 1356 2059; x_wconf 90' lang='lat' dir='ltr'><strong>bella</strong></span> <span class='ocrx_word' id='word_1_127' title='bbox 1382 1999 1595 2068; x_wconf 81' lang='lat' dir='ltr'><strong>securi,</strong></span> 
     </span>
     <span class='ocr_line' id='line_1_22' title="bbox 313 2083 1804 2176; baseline -0.016 -17"><span class='ocrx_word' id='word_1_128' title='bbox 313 2103 696 2175; x_wconf 76' lang='lat' dir='ltr'><strong>Dircaeumque</strong></span> <span class='ocrx_word' id='word_1_129' title='bbox 715 2102 877 2176; x_wconf 83' lang='lat' dir='ltr'><strong>Gyan</strong></span> <span class='ocrx_word' id='word_1_130' title='bbox 891 2138 906 2166; x_wconf 85' lang='grc'><strong>.,</strong></span> <span class='ocrx_word' id='word_1_131' title='bbox 933 2107 987 2150; x_wconf 86' lang='lat' dir='ltr'><strong>et</strong></span> <span class='ocrx_word' id='word_1_132' title='bbox 999 2088 1340 2148; x_wconf 88' lang='lat' dir='ltr'><strong>Echionium</strong></span> <span class='ocrx_word' id='word_1_133' title='bbox 1351 2083 1804 2160; x_wconf 84' lang='lat' dir='ltr'><strong>Lycophontem.</strong></span> 
     </span>
     <span class='ocr_line' id='line_1_23' title="bbox 313 2182 1811 2262; baseline -0.016 -15"><span class='ocrx_word' id='word_1_134' title='bbox 313 2192 443 2247; x_wconf 84' lang='lat' dir='ltr'><strong>Jam</strong></span> <span class='ocrx_word' id='word_1_135' title='bbox 473 2186 679 2262; x_wconf 87' lang='lat' dir='ltr'><strong>trepidi</strong></span> <span class='ocrx_word' id='word_1_136' title='bbox 721 2204 840 2242; x_wconf 89' lang='lat' dir='ltr'><strong>sese</strong></span> <span class='ocrx_word' id='word_1_137' title='bbox 879 2188 1134 2257; x_wconf 80' lang='lat' dir='ltr'><strong>quaerunt</strong></span> <span class='ocrx_word' id='word_1_138' title='bbox 1162 2215 1180 2244; x_wconf 80' lang='lat'>‚</span> <span class='ocrx_word' id='word_1_139' title='bbox 1224 2182 1625 2247; x_wconf 86' lang='lat' dir='ltr'><strong>numerantque</strong></span> <span class='ocrx_word' id='word_1_140' title='bbox 1648 2211 1665 2241; x_wconf 84' lang='lat'><strong>.,</strong></span> <span class='ocrx_word' id='word_1_141' title='bbox 1699 2186 1811 2224; x_wconf 86' lang='lat' dir='ltr'><strong>nec</strong></span> 
     </span>
     <span class='ocr_line' id='line_1_24' title="bbox 464 2272 610 2328; baseline 0.007 -2"><span class='ocrx_word' id='word_1_142' title='bbox 464 2272 610 2328; x_wconf 90' lang='lat' dir='ltr'><strong>idem</strong></span> 
     </span>
     <span class='ocr_line' id='line_1_25' title="bbox 316 2337 1813 2426; baseline -0.019 -9"><span class='ocrx_word' id='word_1_143' title='bbox 316 2358 493 2417; x_wconf 84' lang='lat' dir='ltr'><strong>Caedis</strong></span> <span class='ocrx_word' id='word_1_144' title='bbox 507 2379 684 2426; x_wconf 89' lang='lat' dir='ltr'><strong>amor,</strong></span> <span class='ocrx_word' id='word_1_145' title='bbox 699 2367 1028 2423; x_wconf 86' lang='lat' dir='ltr'><strong>tantamque</strong></span> <span class='ocrx_word' id='word_1_146' title='bbox 1052 2343 1243 2399; x_wconf 88' lang='lat' dir='ltr'><strong>dolent</strong></span> <span class='ocrx_word' id='word_1_147' title='bbox 1261 2361 1542 2399; x_wconf 85' lang='lat' dir='ltr'><strong>rarescere</strong></span> <span class='ocrx_word' id='word_1_148' title='bbox 1560 2337 1813 2395; x_wconf 87' lang='lat' dir='ltr'><strong>turbam.·</strong></span> 
     </span>
     <span class='ocr_line' id='line_1_26' title="bbox 313 2422 1738 2508; baseline -0.019 -6"><span class='ocrx_word' id='word_1_149' title='bbox 313 2447 460 2503; x_wconf 86' lang='lat' dir='ltr'><strong>Ecce</strong></span> <span class='ocrx_word' id='word_1_150' title='bbox 487 2442 748 2502; x_wconf 89' lang='lat' dir='ltr'><strong>Chromis</strong></span> <span class='ocrx_word' id='word_1_151' title='bbox 762 2481 776 2506; x_wconf 93' lang='lat'>‚</span> <span class='ocrx_word' id='word_1_152' title='bbox 807 2433 970 2508; x_wconf 77' lang='lat' dir='ltr'><strong>Tyrii</strong></span> <span class='ocrx_word' id='word_1_153' title='bbox 990 2427 1254 2487; x_wconf 87' lang='lat' dir='ltr'><strong>demissus</strong></span> <span class='ocrx_word' id='word_1_154' title='bbox 1273 2428 1487 2504; x_wconf 87' lang='lat' dir='ltr'><strong>origine</strong></span> <span class='ocrx_word' id='word_1_155' title='bbox 1509 2422 1738 2488; x_wconf 88' lang='lat' dir='ltr'><strong>Cadmi,</strong></span> 
     </span>
     <span class='ocr_line' id='line_1_27' title="bbox 317 2511 1808 2611; baseline -0.02 -20"><span class='ocrx_word' id='word_1_156' title='bbox 317 2529 522 2611; x_wconf 91' lang='lat' dir='ltr'><strong>(Hunc</strong></span> <span class='ocrx_word' id='word_1_157' title='bbox 540 2541 702 2591; x_wconf 84' lang='lat' dir='ltr'><strong>utero</strong></span> <span class='ocrx_word' id='word_1_158' title='bbox 728 2518 1009 2596; x_wconf 88' lang='lat' dir='ltr'><strong>quondam</strong></span> <span class='ocrx_word' id='word_1_159' title='bbox 1029 2518 1257 2592; x_wconf 82' lang='lat' dir='ltr'><strong>Dryope</strong></span> <span class='ocrx_word' id='word_1_160' title='bbox 1277 2511 1551 2570; x_wconf 87' lang='lat' dir='ltr'><strong>Phoenissa</strong></span> <span class='ocrx_word' id='word_1_161' title='bbox 1573 2519 1808 2584; x_wconf 85' lang='lat' dir='ltr'><strong>gravato</strong></span> 
     </span>
     <span class='ocr_line' id='line_1_28' title="bbox 310 2589 1806 2693; baseline -0.021 -19"><span class='ocrx_word' id='word_1_162' title='bbox 310 2617 500 2693; x_wconf 79' lang='lat' dir='ltr'><strong>Rapta</strong></span> <span class='ocrx_word' id='word_1_163' title='bbox 522 2618 756 2685; x_wconf 88' lang='lat' dir='ltr'><strong>repente</strong></span> <span class='ocrx_word' id='word_1_164' title='bbox 784 2601 988 2671; x_wconf 84' lang='lat' dir='ltr'><strong>choris,</strong></span> <span class='ocrx_word' id='word_1_165' title='bbox 1007 2601 1300 2676; x_wconf 89' lang='lat' dir='ltr'><strong>onerisque</strong></span> <span class='ocrx_word' id='word_1_166' title='bbox 1321 2596 1490 2653; x_wconf 90' lang='lat' dir='ltr'><strong>oblita</strong></span> <span class='ocrx_word' id='word_1_167' title='bbox 1510 2636 1525 2662; x_wconf 90' lang='lat'>‚</span> <span class='ocrx_word' id='word_1_168' title='bbox 1549 2589 1806 2646; x_wconf 83' lang='lat' dir='ltr'><strong>ferebat:</strong></span> 
     </span>
     <span class='ocr_line' id='line_1_29' title="bbox 309 2677 1804 2775; baseline -0.021 -15"><span class='ocrx_word' id='word_1_169' title='bbox 309 2705 573 2775; x_wconf 90' lang='lat' dir='ltr'><strong>Dumque</strong></span> <span class='ocrx_word' id='word_1_170' title='bbox 588 2689 759 2749; x_wconf 86' lang='lat' dir='ltr'><strong>trahit</strong></span> <span class='ocrx_word' id='word_1_171' title='bbox 773 2688 983 2764; x_wconf 84' lang='lat' dir='ltr'><strong>prensis</strong></span> <span class='ocrx_word' id='word_1_172' title='bbox 999 2702 1222 2744; x_wconf 80' lang='lat' dir='ltr'><strong>taurum</strong></span> <span class='ocrx_word' id='word_1_173' title='bbox 1235 2683 1339 2739; x_wconf 86' lang='lat' dir='ltr'><strong>tibi</strong></span> <span class='ocrx_word' id='word_1_174' title='bbox 1354 2677 1619 2736; x_wconf 87' lang='lat' dir='ltr'><strong>cornibus</strong></span> <span class='ocrx_word' id='word_1_175' title='bbox 1629 2678 1804 2746; x_wconf 84' lang='lat' dir='ltr'><strong>Evan,</strong></span> 
     </span>
     <span class='ocr_line' id='line_1_30' title="bbox 310 2758 1643 2851; baseline -0.023 -6"><span class='ocrx_word' id='word_1_176' title='bbox 310 2782 561 2845; x_wconf 86' lang='lat' dir='ltr'><strong>Procidit</strong></span> <span class='ocrx_word' id='word_1_177' title='bbox 586 2775 851 2851; x_wconf 90' lang='lat' dir='ltr'><strong>impulsus</strong></span> <span class='ocrx_word' id='word_1_178' title='bbox 875 2774 1056 2831; x_wconf 87' lang='lat' dir='ltr'><strong>nimiis</strong></span> <span class='ocrx_word' id='word_1_179' title='bbox 1084 2766 1375 2828; x_wconf 88' lang='lat' dir='ltr'><strong>conatibus</strong></span> <span class='ocrx_word' id='word_1_180' title='bbox 1401 2758 1643 2838; x_wconf 84' lang='lat' dir='ltr'><strong>infans).</strong></span> 
     </span>
     <span class='ocr_line' id='line_1_31' title="bbox 311 2847 1601 2938; baseline -0.022 -8"><span class='ocrx_word' id='word_1_181' title='bbox 311 2879 478 2929; x_wconf 78' lang='lat' dir='ltr'><strong>Tunc</strong></span> <span class='ocrx_word' id='word_1_182' title='bbox 504 2862 683 2920; x_wconf 87' lang='lat' dir='ltr'><strong>audax</strong></span> <span class='ocrx_word' id='word_1_183' title='bbox 707 2859 898 2938; x_wconf 88' lang='lat' dir='ltr'><strong>jaculis</strong></span> <span class='ocrx_word' id='word_1_184' title='bbox 914 2903 929 2931; x_wconf 87' lang='lat'><strong>‚</strong></span> <span class='ocrx_word' id='word_1_185' title='bbox 959 2874 1016 2915; x_wconf 90' lang='lat' dir='ltr'><strong>et</strong></span> <span class='ocrx_word' id='word_1_186' title='bbox 1045 2854 1195 2933; x_wconf 88' lang='lat' dir='ltr'><strong>capti</strong></span> <span class='ocrx_word' id='word_1_187' title='bbox 1220 2849 1369 2928; x_wconf 90' lang='lat' dir='ltr'><strong>pelle</strong></span> <span class='ocrx_word' id='word_1_188' title='bbox 1392 2847 1569 2905; x_wconf 90' lang='lat' dir='ltr'><strong>leonis</strong></span> <span class='ocrx_word' id='word_1_189' title='bbox 1586 2888 1601 2915; x_wconf 92' lang='lat'><strong>,</strong></span> 
     </span>
     <span class='ocr_line' id='line_1_32' title="bbox 309 2935 1471 3025; baseline -0.02 -11"><span class='ocrx_word' id='word_1_190' title='bbox 309 2948 483 3014; x_wconf 80' lang='lat' dir='ltr'><strong>Pinea</strong></span> <span class='ocrx_word' id='word_1_191' title='bbox 505 2952 709 3006; x_wconf 89' lang='lat' dir='ltr'><strong>nodosa</strong></span> <span class='ocrx_word' id='word_1_192' title='bbox 735 2946 1032 3025; x_wconf 84' lang='lat' dir='ltr'><strong>quassabat</strong></span> <span class='ocrx_word' id='word_1_193' title='bbox 1056 2940 1256 2999; x_wconf 86' lang='lat' dir='ltr'><strong>robora</strong></span> <span class='ocrx_word' id='word_1_194' title='bbox 1283 2935 1439 2994; x_wconf 86' lang='lat' dir='ltr'><strong>clava</strong></span> <span class='ocrx_word' id='word_1_195' title='bbox 1455 2978 1471 3006; x_wconf 71' lang='lat'><strong>⁷</strong></span> 
     </span>
     <span class='ocr_line' id='line_1_33' title="bbox 306 3022 1709 3111; baseline -0.016 -15"><span class='ocrx_word' id='word_1_196' title='bbox 306 3032 704 3111; x_wconf 75' lang='lat' dir='ltr'><strong>·1n01·epitans:</strong></span> <span class='ocrx_word' id='word_1_197' title='bbox 732 3035 1002 3091; x_wconf 86' lang='lat' dir='ltr'><strong>«Unusne</strong></span> <span class='ocrx_word' id='word_1_198' title='bbox 1027 3026 1135 3088; x_wconf 85' lang='lat' dir='ltr'><strong>viri</strong></span> <span class='ocrx_word' id='word_1_199' title='bbox 1159 3038 1242 3084; x_wconf 88' lang='lat' dir='ltr'><strong>tot</strong></span> <span class='ocrx_word' id='word_1_200' title='bbox 1266 3022 1505 3082; x_wconf 82' lang='lat' dir='ltr'><strong>caedibus</strong></span> <span class='ocrx_word' id='word_1_201' title='bbox 1520 3060 1537 3092; x_wconf 87' lang='lat'>‚</span> <span class='ocrx_word' id='word_1_202' title='bbox 1567 3033 1709 3078; x_wconf 88' lang='lat' dir='ltr'><strong>unus</strong></span> 
     </span>
    </p>
   </div>
  </div>
 </body>
</html>
