2079 3613
208 240 353 313 Αυ-
427 224 933 320 ΑὸΗιιιΕιοοε,
985 256 1126 304 mu.
1178 258 1282 306 1v.
1421 253 1568 327 145·

206 350 319 408 Vix
335 350 463 408 dum
480 364 671 410 exorta
700 351 820 407 dies
838 394 853 421 ,
886 363 942 407 et
965 351 1077 426 jam
1100 346 1398 409 comitatus
1414 353 1635 430 Agyrta

205 437 457 512 Tydides
481 437 704 508 aderat,
723 436 1105 514 praedictaque
1132 435 1279 496 dona
1304 435 1542 494 ferebat.

282 535 402 592 Nec
429 536 613 593 minus
637 554 870 612 egressae
888 534 1146 592 thalamis
1163 535 1460 615 Scyreides
1478 535 1636 592 ibant

205 620 508 679 Ostentare
537 620 769 688 choros,
798 620 1182 698 promissaque
1205 640 1361 677 sacra
1383 619 1647 677 v‘erendis

205 706 553 782 Hospitibus.
580 707 629 762 N
635 707 733 763 itet
744 718 877 762 ante
895 704 1026 762 alias
1041 706 1236 782 regina
1259 750 1277 774 ,
1296 724 1596 782 comesque

201 788 443 848 Pelides.
472 792 662 865 Qualis
688 792 882 850 Siculae
898 791 1001 847 sub
1023 792 1258 870 rupibus
1283 794 1481 848 AEtnae

204 877 416 932 Naides
439 878 684 936 AEnneas
700 878 846 934 inter
858 877 1039 935 Diana
1057 920 1072 947 ,
1099 877 1374 954 feroxque

201 960 379 1018 Pallas
397 1002 414 1034 ‚
439 976 497 1019 et
521 961 935 1041 Elysiilucebat
961 981 1167 1039 sponsa
1191 961 1438 1039 tyranni.

201 1045 442 1124 Jamque
465 1064 691 1107 movent
709 1069 924 1128 gressus
946 1068 961 1104 ι
986 1047 1312 1125 thyasisque
1328 1048 1571 1104 Ismenia

427 1133 612 1193 buxus
1397 1128 1444 1167 ι

201 1234 369 1312 Signa
392 1235 555 1379 (1833
570 1278 589 1306 ,
607 1249 808 1312 quater
822 1255 927 1293 aera
944 1232 1109 1292 Rheae
1124 1276 1139 1305 ‚
1158 1247 1357 1311 quater
1374 1233 1514 1294 Evia

409 1344 449 1400 p
538 1334 634 1378 ant

200 1410 381 1484 Terga
404 1429 573 1466 manu
588 1452 603 1478 ,
631 1407 929 1482 variosque
952 1419 1156 1483 quater
1176 1406 1361 1482 legere
1386 1425 1664 1463 recursus.

199 1493 362 1552 Tunc
392 1493 613 1571 thyrsos
636 1492 965 1569 pariterque
985 1492 1176 1551 levant
1192 1534 1208 1564 ‚
1236 1491 1565 1569 pariterque

423 1592 740 1657 reponunt3

198 1675 693 1754 Multiplicantque
722 1677 959 1754 gradum
988 1716 1007 1746 ,
1037 1673 1211 1731 modo
1235 1695 1351 1751 quo
1381 1675 1621 1732 Curetes
1643 1674 1704 1732 in

409 1773 538 1820 actu
556 1804 574 1830 ‚
644 1768 695 1780 “

193 1854 433 1927 Quoque
456 1849 541 1927 pii
562 1847 961 1906 Samothraces
979 1859 1141 1903 eunt.
1171 1848 1335 1906 Nunc
1361 1847 1529 1905 obvia
1628 1868 1634 1873 ·

418 1954 594 1994 versoe

193 2035 422 2091 Pectine
445 2032 750 2090 Amazonio
764 2074 780 2103 ‚
801 2032 969 2089 modo
987 2050 1114 2109 quo,
1128 2031 1266 2088 citat
1283 2031 1421 2090 orbe
1436 2036 1700 2091 Lacaenas

190 2119 352 2176 Delia
370 2118 857 2196 ‚-plaudentesque
884 2118 999 2174 suis
1015 2116 1309 2194 intorquet
1323 2118 1596 2194 Amyclis.

192 2207 355 2263 Tunc
374 2223 506 2261 vero
521 2248 537 2273 ,
554 2218 690 2261 tune
710 2204 993 2281 praecipue
1009 2204 1335 2261 manifestus
1348 2204 1596 2261 Achilles
1609 2248 1626 2272 ‚

193 2291 318 2347 Nec
344 2309 564 2347 servare
588 2288 744 2346 vices
762 2331 778 2359 ,
802 2310 909 2346 nec
934 2292 1165 2369 jungere
1188 2287 1420 2346 brachia
1444 2302 1626 2345 curat.

111 2391 121 2412 ⁸
193 2377 354 2432 Tune
371 2376 566 2432 molles
591 2395 837 2455 gressuS,
865 2389 999 2434 tunc
1025 2388 1358 2453 aspernatur
1374 2376 1611 2434 amictus

122 2462 133 2467 ⁴
189 2461 315 2518 Plus
345 2461 538 2532 solito,
565 2462 887 2540 rumpitque
916 2461 1119 2520 choros
1137 2506 1157 2531 ,
1184 2474 1239 2518 et
1262 2459 1506 2540 plurima

416 2547 626 2604 turbat.

189 2643 279 2703 Sic
298 2642 681 2721 indignantem
704 2642 925 2722 thyrsos
940 2689 955 2718 ‚
982 2656 1336 2721 acceptaque
1358 2644 1552 2703 matris
1651 2697 1658 2698 a

190 2731 482 2806 Tympana
499 2772 513 2797 ‚
527 2731 639 2804 jam
654 2730 842 2786 tristes
857 2731 1188 2809 spectabant
1206 2730 1452 2787 Penthea

416 2814 645 2871 Thebae.

260 2915 562 2973 Solvuntur
585 2911 814 2969 laudata
842 2910 1049 2971 cohors
1064 2954 1082 2985 ,
1108 2924 1489 2992 repetuntque

413 3009 649 3073 paterna
