2079 3613
451 311 522 366 25
650 309 1093 376 THEBAIDOS‚
1146 315 1290 364 Lm.
1343 313 1504 364 vm.
1651 310 1779 370 213

278 406 545 483 Saevaque
569 405 896 463 multisonas
922 417 1151 462 exercet
1176 408 1342 463 Poena
1369 421 1613 465 catenas⁴

284 496 427 550 Fata
461 503 656 547 serunt
681 491 888 546 animas
905 532 920 560 ‚
954 503 1008 546 et
1035 489 1234 546 eodem
1259 491 1465 567 pollice
1494 494 1779 568 damnant.

279 578 469 635 Vincit
494 597 656 652 opus·
685 576 850 632 Juxta
872 575 1081 644 Minos,
1110 596 1238 632 cum
1264 579 1438 634 fratre
1466 579 1739 650 verende,

281 667 418 720 Jura
438 662 620 719 bonus
641 660 874 716 meliora
905 674 1131 731 monet3
1157 681 1457 738 regemque
1486 676 1780 721 cruentum

280 749 602 822 TemPerat.
639 743 920 800 Assistunt
945 744 1220 821 lacrymis
1252 758 1423 820 atque
1460 746 1589 822 igne

501 841 785 888 tumentes

281 919 523 994 Cocytos
550 914 1006 989 Phlegetonque3
1044 926 1101 970 et
1136 916 1279 991 Styx
1310 917 1556 991 perjuria
1582 917 1787 989 Divum

285 1001 511 1073 Arguit.
539 998 641 1053 Ille
664 1009 850 1052 autem
869 1036 885 1065 ,
915 1016 1117 1071 supera
1143 1017 1410 1072 compage
1430 1000 1639 1073 soluta,

290 1082 341 1137 N
347 1100 408 1136 ec
434 1081 627 1137 solitus
652 1077 859 1135 sentire
887 1080 1352 1153 metuS,„expavit
1377 1081 1575 1147 oborta
1596 1148 1602 1156 ὑ

287 1165 511 1234 Sidera,
544 1162 903 1240 jucundaque
937 1164 1180 1220 offensus
1214 1162 1340 1220 luce
1370 1168 1661 1242 profatur:
1764 1224 1771 1241 ‚

364 1255 550 1323 «Quae
587 1248 860 1324 Superum
892 1245 1046 1305 labes
1077 1247 1360 1305 inimicum
1385 1248 1625 1326 impegit„
1696 1304 1699 1309 ,
1766 1310 1771 1317 ,

508 1337 742 1392 Averno
1764 1392 1797 1399 ῃ

292 1446 320 1476 ιι
342 1421 569 1480 AEthera
581 1422 609 1480 ’.Ρ
625 1421 749 1497 quis
765 1419 975 1496 rumpit
990 1419 1248 1476 tenebras
1263 1416 1290 1474 ἰ’
1303 1420 1543 1497 vitaeque
1559 1420 1789 1481 silentes

291 1530 322 1560 α
341 1509 663 1566 Admovet?
688 1507 839 1562 unde
871 1504 1076 1562 minae?
1102 1519 1227 1562 uter
1248 1505 1366 1561 haec
1391 1505 1527 1561 mihi
1559 1506 1755 1583 praelia

514 1595 754 1650 fratrum
771 1589 800 1647 ’ἓ
937 1650 938 1655 η

289 1702 325 1732 τι
346 1678 699 1753 Congredior
713 1699 724 1732 z
740 1689 969 1749 pereant
985 1664 1229 1751 agedum
1247 1673 1567 1731 discrimina
1582 1664 1787 1734 rerum.

297 1784 328 1815 κ
346 1762 492 1817 Nam
514 1762 605 1817 cui
630 1759 789 1817 dulce
813 1762 988 1836 magis
1007 1761 1034 1818 't'
1063 1779 1263 1834 magno
1282 1780 1371 1816 me
1393 1759 1555 1816 tertia
1577 1760 1794 1822 victum

294 1869 324 1899 ι(
345 1844 567 1920 Dejecit
587 1846 812 1901 fortuna
836 1843 1004 1919 poIO,
1035 1844 1416 1916 mundumque
1443 1856 1746 1901 nocentem
1785 1895 1791 1904 ,,

293 1956 324 1987 α
343 1934 551 2001 Servo;
583 1950 691 1985 nec
717 1928 819 1985 iste
844 1946 1026 1997 mem,
1059 1926 1307 2003 dirisque
1335 1946 1405 1982 en
1429 1927 1661 2002 pervius

517 2017 677 2072 astris

293 2127 324 2164 α
345 2102 684 2177 Inspicitur:
718 2098 1036 2157 tumidusne
1065 2117 1212 2182 meas
1236 2108 1502 2174 regnator
1522 2094 1778 2173 Olympi

293 2213 323 2242 ιι
342 2191 614 2264 Explorat
641 2185 825 2245 vires?
846 2186 1073 2242 habeo
1057 2206 1170 2262 jam
1196 2203 1394 2279 quassa
1420 2184 1736 2260 Gigantum

293 2297 324 2326 «
343 2267 572 2330 Vincula
589 2317 604 2344 ,
627 2286 685 2336 et
710 2274 1016 2329 aethereum
1043 2269 1280 2347 cupidos
1308 2269 1461 2325 exire
1490 2274 1589 2325 sub
1627 2290 1788 2328 axem

292 2381 323 2411 «
344 2358 605 2439 Titanas,
637 2357 1014 2430 miserumque
1049 2366 1285 2429 patrem.
1316 2353 1465 2426 Quid
1497 2373 1585 2409 me
1619 2354 1734 2415 otia

510 2455 708 2500 moesta

295 2525 562 2593 «Saevus,
592 2535 650 2578 et
673 2522 1033 2597 implacidam
1063 2522 1332 2596 prohibet
1365 2521 1645 2620 proferie

513 2606 793 2682 quietem.
777 2605 804 2642 ³
933 2605 938 2612 ’

294 2719 325 2750 κ
344 2694 740 2769 Amissumque
773 2689 955 2748 odisse
987 2685 1181 2746 diem?
1210 2685 1458 2788 pandam
1493 2689 1681 2745 omnia

510 2801 680 2856 regna
701 2821 716 2849 ,

296 2888 326 2919 α
348 2864 405 2921 Si
422 2868 637 2941 placet,
661 2878 717 2921 et
736 2862 932 2941 Stygio
951 2873 1257 2937 praetexam
1275 2859 1604 2935 Hyperiona
1625 2859 1785 2920 coelo

302 2971 332 3005 α
351 2950 728 3111 Meamne
754 2946 988 3025 Superis
1014 2942 1193 3026 (quid
1219 2944 1365 3004 enim
1390 2944 1529 3004 mihi
1551 2946 1787 3008 nuncius

676 3051 702 3090 s
