2079 3613
291 238 408 298 162
596 242 1035 308 ΤΗΕΒΑῙΒοε,
1087 242 1232 291 mn.
1288 243 1395 290 VI.
1490 240 1603 314 454

353 347 568 400 Rursus
590 339 905 418 praecipites
929 335 986 392 in
1011 350 1168 393 recta
1202 359 1268 394 ac
1300 336 1464 396 devia
1490 338 1678 417 campi

281 427 584 503 Obliquant
602 467 618 496 ‚
645 424 997 499 tenduntque
1024 423 1172 493 vias,
1200 425 1408 481 iterum
1437 425 1637 482 axibus
1660 445 1789 485 axes

280 513 512 584 Inuicti,
536 510 818 586 radiisque
840 522 997 565 rotae.
1028 513 1143 567 Pax
1169 509 1349 582 nulla,
1377 510 1657 588 fidesque.

276 599 424 657 Bella
457 599 576 676 geri
602 598 750 653 ferro
779 593 977 652 levius.
1015 595 1169 652 Bella
1192 594 1424 651 horrida
1452 596 1691 656 credas:

275 687 332 742 Is
359 688 518 742 furor
549 684 613 739 in
641 680 808 738 laude
841 693 937 739 est.
971 680 1321 759 Trepidant,
1354 694 1710 759 mortemque

504 767 822 839 minantur,

274 867 569 943 Multaque
602 864 927 923 transversis
954 863 1355 941 perstringitur
1384 863 1599 939 ungula

503 969 734 1027 campis.
977 1012 978 1017 ἵ

283 1047 408 1105 Nec
428 1047 541 1122 jam
568 1046 849 1104 sufficiunt
882 1047 1123 1118 stimuli,
1151 1066 1260 1104 nec
1295 1046 1578 1106 verbera:
1604 1065 1742 1104 voce

277 1134 723 1210 Nominibusque
748 1135 903 1190 cient
924 1133 1180 1190 Pholoen
1204 1132 1498 1206 AdmetuS,
1522 1145 1579 1189 et
1600 1129 1723 1189 Irin

279 1221 328 1276 F
332 1218 665 1295 unalemque
683 1219 917 1275 Thoen:
940 1216 1203 1295 rapidum
1227 1217 1473 1274 Daneius
1495 1234 1670 1291 augur

279 1303 574 1360 Ascheton
599 1303 968 1381 increpitam,
991 1301 1371 1380 meritumque
1399 1301 1678 1361 vocabula

504 1389 782 1464 Cygnum.

280 1486 459 1542 Audit
487 1497 543 1542 et
563 1484 909 1545 Herculeum
934 1488 1196 1563 Strymon
1217 1486 1524 1545 Chromin·
1509 1530 1524 1560 ,
1546 1487 1783 1547 Euneon

503 1562 659 1627 audit

281 1667 488 1743 Igneus
510 1665 762 1722 AEthion.
792 1664 1153 1743 Tardumque
1179 1664 1410 1745 Cydona
1433 1666 1657 1726 lacessit

277 1749 669 1829 Hippodamus
689 1794 708 1821 ,
736 1749 1072 1828 variumque
1097 1751 1287 1811 Thoas
1316 1765 1477 1831 rogat
1509 1752 1590 1810 ire

494 1835 819 1893 Podarcem.

274 1932 435 1990 Solus
465 1933 810 1991 Echionides·
837 1946 1061 1991 errante
1091 1933 1306 1991 silentia
1339 1951 1510 1989 curru

273 2022 473 2080 Moesta
492 2032 673 2090 tenet,
704 2019 1041 2097 trepidaque
1062 2020 1221 2076 timet
1244 2040 1302 2077 se
1322 2022 1465 2077 voce
1488 2018 1677 2075 fateri.

347 2106 463 2163 Vix
488 2107 626 2162 dum
653 2119 868 2184 coeptus
896 2106 1059 2183 equis
1088 2105 1248 2182 labor
1265 2145 1283 2180 ‚
1316 2119 1374 2194 et
1405 2106 1522 2183 jam
1545 2106 1778 2183 pulvere

498 2202 704 2267 quarto

274 2290 554 2364 Campum
572 2285 795 2360 ineunt,
816 2289 1041 2368 jamque
1069 2303 1126 2350 et
1148 2291 1361 2369 tepidis
1386 2290 1686 2349 sudoribus

500 2385 652 2429 artus

272 2471 492 2541 Effoeti5
520 2482 576 2531 et
603 2490 845 2528 crassum
871 2475 1052 2550 rapit,
1082 2478 1407 2553 eiectatque
1433 2489 1705 2552 vaporem
1762 2537 1768 2543 ,

271 2554 667 2633 Cornipedum
687 2558 962 2617 flammata
988 2560 1107 2618 sitis
1132 2581 1146 2616 τ
1174 2581 1281 2617 nec
1299 2563 1411 2635 jam
1432 2561 1650 2634 integer
1668 2554 1776 2613 illis

268 2644 525 2720 Impetus
543 2686 559 2713 ‚
585 2656 643 2700 et
666 2643 820 2724 longi
845 2649 1198 2724 suspendunt
1217 2645 1309 2709 ilia
1329 2645 1510 2700 ssatus.

269 2727 381 2783 Hic
408 2747 607 2805 anceps
627 2730 854 2788 fortuna
882 2733 981 2787 diu
1007 2732 1320 2785 decernere
1347 2729 1592 2805 primum

266 2814 421 2871 Ausa
435 2816 611 2872 venit.
631 2818 768 2874 Ruit
782 2859 798 2888 .,
816 2812 1169 2872 Haemonium
1187 2811 1323 2869 dum
1337 2811 1593 2872 fervidus
1605 2813 1775 2872 instat

265 2899 561 2960 Admetum
583 2920 850 2977 superare
870 2943 886 2969 ‚
908 2900 1134 2954 Thoas:
1160 2917 1267 2955 nec
1288 2898 1530 2976 praetulit
1554 2899 1725 2956 ullam

267 2984 469 3044 Frater
491 3005 679 3061 opem.
703 2986 852 3044 Velit
870 2985 965 3042 ine
981 2984 1211 3061 quidem
1227 3005 1243 3059 3
1266 2985 1368 3045 sed
1387 2987 1624 3045 Martius
1643 2998 1771 3042 ante
