2079 3613
678 317 751 391 34
837 320 1271 386 sumnum,
1322 326 1469 390 141.ss-
1519 326 1573 375 1.
1716 313 1842 387 453

428 415 580 488 Quid
594 415 837 492 primum
853 456 871 486 .‚
897 416 1216 475 mediumve
1237 438 1431 474 canam
1446 417 1475 476 ‘i'
1499 438 1614 496 quo
1639 419 1749 477 fine

568 501 852 576 quiescam
875 499 902 556 ’ἒ
961 519 975 536 ·

355 582 671 638 Auratasne
699 584 884 640 trabes
901 581 928 640 ἲ
948 603 1018 640 an
1047 588 1283 640 Mauros
1303 585 1553 661 undique
1575 585 1812 662 postes?
1887 658 1890 663 A

356 668 447 721 An
464 666 746 742 picturata
768 667 1017 725 lucentia
1037 689 1311 726 marmora
1337 689 1482 727 vena

358 750 574 809 Mirer?
600 773 673 808 an
689 752 912 809 emissas
926 772 1036 830 per
1056 768 1258 810 cuncta
1275 752 1483 809 cubilia
1500 752 1768 830 lymphas
1787 751 1815 812 ?

351 835 477 892 Huc
502 836 708 907 oculis,
737 837 852 892 huc
873 851 1064 895 mente
1088 838 1305 894 trahor.
1334 837 1677 898 Venerabile

573 919 759 977 dicam

350 1004 633 1058 Lucorum
661 1003 912 1059 senium.
894 1000 921 1040 ‘¹'
943 1015 1031 1073 te,
1053 1023 1176 1078 quae
1202 1004 1347 1061 vada
1365 974 1605 1062 fluminis
1627 1006 1775 1064 infra

350 1087 588 1147 Cernis?
615 1108 686 1143 an
704 1087 777 1144 ad
794 1087 982 1164 sylvas
1011 1108 1136 1164 quae
1151 1086 1418 1166 respicis,
1446 1088 1569 1145 aula
1586 1131 1603 1159 ,

573 1175 819 1248 jacentes
846 1171 874 1229 ’.Ρ

349 1258 472 1329 Qua
501 1256 604 1314 tibi
626 1270 744 1314 tota
769 1257 929 1334 quies
945 1299 962 1328 ‚
987 1257 1311 1333 offensaque
1332 1256 1555 1312 turbine
1581 1255 1733 1311 nullo

352 1345 480 1399 Nox
494 1342 635 1413 silet,
659 1356 754 1400 aut
768 1357 992 1401 teneros
1012 1344 1256 1400 invitant
1276 1361 1558 1398 murmura
1583 1347 1842 1398 somnos!
1861 1396 1884 1411 X

350 1431 442 1485 An
465 1449 590 1504 quae
612 1431 895 1505 graminea
917 1442 1174 1509 suscepta
1200 1426 1490 1502 crepidine
1510 1428 1729 1483 sumant

344 1513 582 1587 Balnea,
611 1527 666 1571 et
685 1514 1010 1589 impositum
1030 1513 1169 1589 ripis
1185 1511 1500 1587 algentibus
1517 1511 1733 1586 ignem?

346 1603 569 1677 Quique
602 1621 779 1676 vapot
783 1599 934 1656 nferis
957 1601 1183 1673 junctus
1208 1597 1529 1653 fornacibus
1555 1597 1733 1655 amnis

346 1685 522 1742 Ridet
545 1685 876 1742 anhelantes
898 1684 1087 1740 vicino
1111 1682 1336 1740 flumine
1362 1676 1675 1777 nymphas?

347 1767 481 1828 Vidi
500 1783 675 1827 artem
694 1781 1056 1844 veterumque
1087 1786 1324 1838 manus,
1352 1765 1635 1842 variisque

564 1854 791 1912 metalla
1437 1903 1442 1906 ,

345 1938 490 2012 Viva
510 1940 733 1997 modis:
752 1937 915 1996 labor
931 1953 1016 1996 est
1034 1937 1160 2000 auri
1178 1956 1493 1994 memorare
1516 1937 1720 2013 figuras
1746 1981 1765 2006 ‚
1803 1933 1810 1938 ⁴
1897 1968 1913 1979 ·

346 2025 460 2079 Aut
487 2024 661 2095 ebur,
688 2036 784 2081 aut
810 2022 1008 2100 dignas
1032 2022 1219 2099 digitis
1243 2021 1566 2099 contingere

568 2129 854 2185 gemmas·

342 2196 627 2272 Quicquid
643 2210 699 2252 et
715 2207 947 2273 argento
972 2199 1214 2263 Mentor,
1239 2192 1368 2252 vel
1351 2215 1407 2250 tn
1428 2213 1540 2252 aere
1551 2196 1829 2274 MyroniS‚
1861 2259 1866 2262 ,

344 2280 611 2339 zeuxidis
633 2294 729 2338 aut
753 2281 908 2339 vario
936 2301 1130 2359 manus
1155 2293 1241 2337 est
1264 2293 1496 2358 experta
1521 2283 1730 2340 colore.

340 2367 492 2421 Dum
510 2386 679 2440 vagor
704 2380 964 2442 aspectu,
995 2366 1255 2441 visusque
1274 2385 1379 2442 per
1402 2366 1584 2421 omnia
1611 2366 1760 2423 duco
1777 2409 1795 2442 ,

344 2448 648 2506 Calcabam
662 2470 772 2516 nec
787 2451 991 2527 opinus
1004 2469 1187 2527 opes.
1171 2468 1187 2505 t
1215 2469 1346 2504 nam
1371 2448 1646 2524 splendor
1667 2450 1740 2506 ab

563 2534 676 2592 alto

341 2619 607 2690 Defluus,
626 2632 684 2676 et
706 2601 944 2682 nitidum
969 2620 1279 2675 reserentes
1294 2623 1423 2672 a‘era
1452 2628 1612 2674 testoe

341 2709 722 2765 Monstravere
741 2706 919 2762 solum
936 2748 953 2774 ‚
983 2705 1164 2763 varias
1190 2704 1285 2761 ubi
1310 2704 1463 2779 picta
1491 2723 1595 2779 per
1617 2716 1765 2761 anes

342 2790 564 2849 Gaudet
588 2792 788 2849 humus
813 2810 1082 2866 superare
1108 2789 1267 2848 novis
1286 2799 1507 2845 asarota
1524 2787 1734 2864 figuris·

343 2876 632 2950 Expavere
646 2873 874 2952 gradus.
902 2874 1055 2948 Quid
1074 2895 1222 2931 nunc
1244 2874 1494 2951 ingentia
1520 2873 1691 2929 mirer
1708 2916 1725 2942 ‚

345 2960 547 3019 Atria?
567 2962 706 3038 quid
727 2960 958 3038 paribus
977 2959 1242 3017 distantia
1260 2971 1411 3015 tecta
1427 2957 1682 3015 trichoris
1703 2965 1727 3024 ἰ’

345 3042 496 3114 Quid
522 3056 577 3102 te
595 3085 610 3117 ,
634 3065 759 3123 quae
775 3044 975 3111 mediis
988 3057 1208 3104 servata
1223 3042 1516 3123 penatibus
1530 3084 1550 3118 2
1570 3046 1760 3115 arbor,
