2079 3613
292 283 423 344 500
601 294 1041 359 mammos»,
1091 294 1234 346 Lm.
1283 297 1359 347 x.
1463 295 1574 374 479

285 387 507 463 Ungula
526 430 544 458 ,
569 390 902 465 sanguineus
929 390 1077 449 lavat
1105 390 1285 448 imber
1303 433 1319 462 .,
1349 404 1405 448 et
1435 393 1676 469 impedit

511 493 661 532 axes·

288 553 467 611 Dulce
495 557 627 614 viris
648 557 756 614 hac
783 559 865 615 ire
894 559 1017 629 via,
1050 580 1155 617 ceu
1180 570 1334 615 tecta
1360 560 1590 635 superbi

287 638 511 695 Sidonia
530 682 546 712 ‚
576 644 744 717 atque
772 644 920 719 ipsas
944 646 1163 700 calcent
1190 645 1248 698 in
1273 643 1505 720 pulvere
1541 644 1787 702 Thebas,

356 727 628 781 Hortatur
653 729 975 803 Capaneus.
1008 752 1037 782 «
1055 729 1199 786 Satis
1225 727 1537 796 occultata,¹
1554 728 1786 807 Pelasgi,

281 832 318 861 a
343 807 574 865 Delituit
600 811 794 868 virtus·
823 815 990 870 Nunc
1010 857 1024 881 ‚
1049 833 1200 869 nunc
1226 812 1360 868 mihi
1380 813 1638 871 vinceret

510 894 811 969 pulchrum
844 939 862 968 ,

292 1010 322 1040 α
342 989 507 1045 Teste
535 988 644 1064 die,
677 995 927 1064 Mecum,
959 993 1205 1052 clamore
1233 1008 1288 1051 et
1315 994 1551 1072 pulvere
1573 1006 1789 1068 aperto,

292 1097 325 1122 «ι
345 1074 433 1129 Ite
459 1075 643 1215 pagam
663 1121 680 1142 ,
706 1080 968 1152 juvenes;
998 1094 1125 1137 sunt
1154 1092 1212 1135 et
1236 1078 1376 1134 mihi
1399 1078 1642 1154 provida

559 1175 728 1218 extrae

293 1269 326 1301 a
344 1246 541 1302 Omina
562 1288 579 1315 .,
611 1260 666 1302 et
688 1246 960 1304 horrendi
988 1250 1187 1304 stricto
1213 1267 1482 1304 mucrone
1505 1247 1741 1305 furores,
1759 1270 1789 1299 n

366 1328 453 1384 Sic
479 1331 577 1385 ait.
615 1330 898 1386 Ardentes
927 1331 1116 1386 alacer
1154 1331 1451 1412 succendit
1480 1331 1753 1387 Adrastus
1771 1370 1789 1398 ‚

289 1423 698 1498 Argolicusque
719 1445 918 1499 gener,
946 1425 1201 1500 sequitur
1220 1426 1331 1496 jam
1368 1424 1576 1480 tristior
1601 1444 1793 1499 augur.

290 1507 533 1582 Jamque
559 1521 819 1579 premunt
845 1528 1063 1577 muros,
1094 1522 1153 1564 et
1180 1508 1364 1564 adhuc
1387 1526 1531 1563 nova
1556 1507 1747 1562 funera

507 1604 699 1649 narrat

290 1675 580 1752 Amphion
603 1719 620 1747 ,
648 1677 1016 1753 miseramque
1044 1676 1327 1733 intrabant
1351 1676 1613 1753 protinus

512 1762 709 1819 urbem
727 1804 744 1834 ‚

291 1846 364 1902 Ni
390 1848 682 1924 Megareus
707 1847 931 1923 specula
951 1847 1096 1905 citus
1121 1847 1478 1903 exclamasset
1500 1845 1571 1900 ab
1591 1844 1731 1901 alta:

294 1958 323 1987 «
347 1931 589 2003 Claude,
616 1935 783 2012 vigil,
812 1935 1054 1991 subeunt
1078 1934 1297 2003 hosteS‚
1321 1931 1524 1989 claude
1542 1933 1795 2009 undique

514 2033 724 2096 portaS.
750 2044 778 2074 υ

289 2107 387 2162 Est
413 2107 510 2161 ubi
532 2106 627 2160 dat
649 2107 795 2160 vires
819 2105 1023 2160 nimius
1053 2109 1218 2159 timor
1246 2120 1262 2158 ε
1292 2102 1446 2158 ocius
1472 2102 1651 2158 omnis

288 2194 457 2248 Porta
486 2195 618 2246 coit.
649 2189 801 2259 Solas
827 2188 958 2244 dum
986 2187 1207 2244 tardius
1233 2199 1412 2243 arctat
1442 2187 1662 2243 Echion

223 2308 230 2313 ,
285 2276 561 2353 Ogygias,
586 2274 771 2332 audax
805 2275 1002 2330 animis
1021 2275 1297 2349 Spartana
1323 2273 1588 2345 juventus

286 2361 532 2437 Irrupit,
563 2359 800 2436 caesique
824 2372 994 2416 ruunt
1019 2361 1079 2414 in
1102 2357 1289 2414 limine
1317 2359 1503 2433 primo

290 2446 482 2505 Incola
509 2448 750 2523 Taygeti
778 2447 1107 2520 Panopeus,
1136 2441 1418 2519 rigidique
1445 2453 1670 2498 natator

289 2530 540 2589 OEbalus
566 2533 807 2587 Eurotae.
836 2535 1032 2605 Tuque
1055 2571 1071 2598 ‚
1101 2548 1133 2583 ο
1163 2540 1416 2603 spectate
1441 2526 1710 2604 palaestris

289 2617 570 2675 Omnibus
589 2659 605 2686 ‚
634 2628 692 2673 et
717 2636 901 2692 nuper
923 2618 1147 2670 Nemaeo
1172 2614 1231 2668 in
1260 2612 1488 2689 pulvere
1514 2610 1649 2669 felix
1669 2652 1689 2681 ‚

293 2704 581 2761 Alcidama
607 2703 619 2758 Ξ
648 2703 845 2778 primis
870 2722 1036 2777 quem
1066 2698 1320 2756 caestibus
1344 2697 1466 2774 ipse
1490 2699 1689 2775 ligarat

292 2790 673 2868 Tyndarides:
701 2789 866 2844 nitidi
893 2790 1139 2846 moriens
1165 2808 1411 2845 convexa
1439 2787 1688 2862 magistri
1774 2852 1784 2865 ,

290 2876 553 2952 Respicis
570 2918 586 2945 ‚
616 2895 809 2931 averso
832 2875 1045 2949 pariter
1070 2876 1220 2930 Deus
1244 2872 1455 2929 occidit
1477 2887 1647 2930 astru.

293 2965 375 3017 Te
403 2981 597 3016 nemus
618 2958 949 3029 OEbalium‚
979 2970 1034 3014 te
1060 2957 1273 3014 lubrica
1303 2957 1425 3031 ripa
1460 2960 1707 3015 Lacaenae

279 3044 540 3121 'Virginis
558 3086 573 3117 ,
606 3057 662 3101 et
686 3042 824 3100 salso
849 3063 1050 3121 gurges
1074 3056 1325 3103 cantatus
1352 3041 1533 3115 olore,
