2079 3613
303 220 438 301 492,
571 226 999 289 SYLVARUM,
1052 185 1194 275 miz.
1247 227 1331 275 11.
1467 226 1539 301 75

297 323 567 393 Addidit,
592 335 648 380 et
673 322 838 380 solito
863 321 1153 393 sublimius
1174 341 1274 377 ora
1296 320 1549 390 levavit,

298 408 428 463 Heu
449 407 462 462 !
485 407 691 465 misero
717 407 880 463 letale
901 406 1126 463 favens!
1151 425 1386 481 seseque
1407 403 1658 462 videndo

296 494 510 560 Torsit,
523 506 578 550 et
598 492 896 560 Invidiam,
916 493 1270 566 Mortemque
1296 491 1576 566 amplexa,
1598 490 1820 565 jacenti

296 578 501 653 Injecit
516 598 722 646 nexus,
752 575 1075 652 carpsitque
1097 574 1323 631 immitis
1350 574 1565 631 adunca

295 666 411 719 Ora
427 664 678 721 verenda
696 681 883 717 manu.
904 660 1117 734 Quinta
1143 660 1236 717 vix
1255 659 1616 737 Phosphoros
1637 660 1747 717 hon
1748 684 1780 717 a
1795 704 1814 731 ,

294 748 609 821 Rorantem
635 746 923 803 sternebat
949 764 1156 820 equum
1180 787 1197 815 ‚
1217 747 1333 820 jam
1358 745 1549 801 littora
1567 745 1694 801 duri

296 835 479 902 Saeva,
478 831 759 901 Philete,
782 830 932 889 senis
947 871 963 901 ‚
993 830 1080 886 dn
1086 851 1291 908 umque
1312 830 1641 890 Acheronta

510 917 764 976 videbas·

369 1009 496 1077 Quo
517 1003 730 1060 domini
749 1003 1022 1061 clamante
1042 1022 1181 1071 sono
1202 1006 1220 1060 l
1248 1024 1362 1061 non
1386 1004 1569 1060 secius
1588 1015 1745 1062 atros

244 1136 265 1151 -κ
295 1090 584 1168 Nigrasset
595 1088 829 1167 planctu
848 1088 1085 1165 genitrix
1100 1089 1292 1145 insana
1309 1088 1580 1160 lacertos,

287 1181 409 1233 Nec
435 1188 601 1254 pater
628 1197 642 1234 ε
665 1190 718 1233 et
747 1188 930 1245 certe,
952 1176 1050 1250 qui
1077 1174 1217 1233 vidit
1234 1177 1425 1233 funera
1444 1217 1460 1246 ‚
1492 1178 1665 1234 frater

291 1261 530 1320 Embuit
548 1262 724 1321 vinci.
751 1261 867 1321 Sed
885 1281 992 1319 nec
1013 1262 1229 1319 servilis
1254 1261 1521 1338 adempto

290 1347 486 1421 Ignis:
473 1346 825 1404 ·odoriferos
842 1345 1095 1402 exhausit
1116 1348 1334 1403 flamma
1357 1346 1581 1411 Sabaeos

289 1432 362 1486 Et
389 1431 625 1487 Cilicum
652 1451 888 1501 messeS,
917 1430 1236 1507 Phariaeque
1255 1444 1518 1509 exempta
1543 1431 1762 1491 volucri

292 1517 610 1584 Cinnama,
635 1529 690 1574 et
706 1517 939 1594 Assyrio
957 1531 1254 1574 manantes
1266 1517 1513 1594 gramine
1531 1539 1724 1576 succos
1740 1563 1760 1591 ‚

286 1602 359 1657 Et
380 1601 594 1659 domini
617 1603 789 1659 fletus¹
812 1618 826 1655 ε
853 1599 961 1666 hos
986 1614 1206 1658 tantum
1230 1602 1466 1662 hausere
1492 1603 1719 1672 favillae,

286 1687 408 1744 Hos
426 1687 571 1743 bibit
587 1708 764 1763 usque
782 1708 967 1764 rogus.
987 1691 1108 1743 Nec
1128 1689 1283 1763 quod
1301 1689 1402 1745 tibi
1417 1689 1564 1746 Setia
1591 1710 1769 1753 canos,

288 1773 572 1832 Restinxit
600 1774 816 1831 cineres
831 1816 848 1844 .,
871 1771 1086 1851 gremio
1101 1792 1208 1829 nec
1233 1772 1480 1832 lubricus
1504 1793 1626 1832 ossa

287 1859 455 1931 Quod
480 1858 711 1946 vallavit
729 1880 885 1937 onyx
903 1900 923 1929 ,
946 1859 1168 1915 miseris
1182 1861 1473 1936 acceptius
1495 1861 1704 1917 umbris
1720 1904 1742 1933 ,

284 1949 467 2018 Quam
498 1947 752 2022 gemitus.
774 1944 888 2003 Sed
907 1958 960 2003 et
986 1945 1107 2022 ipse
1133 1947 1312 2021 juvat.
1340 1945 1491 2019 Quid
1514 1959 1670 2023 terga

509 2029 720 2100 dolori,
1283 2075 1294 2084 .

285 2119 428 2173 Urse
447 2161 462 2187 ‚
490 2116 718 2172 damus}
749 2116 900 2189 Quid
917 2115 1123 2171 damna
1145 2116 1334 2187 foves;
1364 2130 1420 2175 et
1440 2131 1674 2195 pectore

494 2221 693 2278 miquo
1741 2257 1744 2260 ,

283 2288 506 2346 Vulnus
523 2306 674 2342 amas
692 2285 718 2344 ἶ)
743 2286 840 2342 ubi
858 2301 990 2344 nota
1008 2289 1114 2346 reis
1136 2288 1392 2345 facundia
1402 2297 1463 2346 ἡ
1471 2290 1581 2365 ptis
1598 2293 1626 2344 ’ἒ
1813 2316 1857 2346 x

283 2372 434 2450 Quid
455 2393 642 2429 caram
663 2373 879 2429 crucias
899 2387 1011 2430 tam
1041 2374 1438 2434 serisluc-tibus
1452 2374 1704 2432 umbram
1721 2375 1750 2433 Ξ)

283 2460 534 2519 Eximius
556 2453 688 2516 licet
714 2458 803 2516 ille
830 2461 1032 2528 animi,
1062 2462 1403 2537 meritusque
1429 2460 1715 2531 dolorem,

278 2545 501 2604 Solvisti
529 2567 542 2603 z
574 2544 717 2602 subit
738 2544 829 2600 ille
853 2545 980 2620 pios
998 2585 1015 2613 ,
1044 2544 1339 2625 carpitque
1369 2546 1618 2620 quietem

280 2630 551 2706 Elysiam,
583 2649 849 2712 carosque
872 2629 983 2685 illic
1001 2630 1235 2685 fortasse
1264 2642 1529 2705 parentes

279 2716 539 2771 Invenit:
563 2729 657 2771 aut
681 2716 803 2784 illi,
835 2734 940 2790 per
963 2735 1176 2771 amoena
1204 2714 1416 2772 silentia
1443 2715 1651 2774 Lethes
1670 2759 1689 2787 ,
1738 2751 1761 2764 ·=

281 2801 497 2856 Forsan
519 2798 830 2857 Avernales
851 2798 1106 2854 alludunt
1130 2791 1378 2875 undique
1405 2800 1590 2856 mixtae

280 2884 331 2939 N
338 2888 527 2941 a'iades
543 2926 559 2953 ,
589 2884 934 2962 obliquoque
956 2898 1117 2940 notat
1140 2885 1477 2959 Proserpina
1503 2883 1686 2954 vultu.

272 2969 423 3031 Pone
441 3009 458 3040 2
482 2988 688 3045 precor
704 3014 720 3044 ‚
743 2983 970 3046 questus
987 2989 1005 3042 3
1029 2969 1200 3030 alium
1218 2969 1320 3030 tibi
1342 2971 1460 3031 fata
1479 2969 1741 3032 Philoton
1758 3013 1782 3044 λ
