<?xml version="1.0" encoding="UTF-8"?>
<!DOCTYPE html PUBLIC "-//W3C//DTD XHTML 1.0 Transitional//EN"
    "http://www.w3.org/TR/xhtml1/DTD/xhtml1-transitional.dtd">
<html xmlns="http://www.w3.org/1999/xhtml" xml:lang="en" lang="en">
 <head>
  <title>
</title>
<meta http-equiv="Content-Type" content="text/html;charset=utf-8" />
  <meta name='ocr-system' content='tesseract 3.04.00' />
  <meta name='ocr-capabilities' content='ocr_page ocr_carea ocr_par ocr_line ocrx_word'/>
</head>
<body>
  <div class='ocr_page' id='page_1' title='image "./operaadoptimeed00statgoog/operaadoptimeed00statgoog_0245.png"; bbox 0 0 2079 3613; ppageno 0'>
   <div class='ocr_carea' id='block_1_1' title="bbox 412 276 1761 362">
    <p class='ocr_par' dir='ltr' id='par_1_1' title="bbox 412 276 1761 362">
     <span class='ocr_line' id='line_1_1' title="bbox 412 276 1761 362; baseline -0.003 -20"><span class='ocrx_word' id='word_1_1' title='bbox 412 308 513 349; x_wconf 73' lang='lat'>120</span> <span class='ocrx_word' id='word_1_2' title='bbox 647 292 1085 355; x_wconf 71' lang='grc' dir='ltr'><strong>ΤΗΕΒΑῙΒοε,</strong></span> <span class='ocrx_word' id='word_1_3' title='bbox 1135 294 1272 339; x_wconf 79' lang='lat' dir='ltr'>Lm.</span> <span class='ocrx_word' id='word_1_4' title='bbox 1328 276 1493 342; x_wconf 55' lang='lat' dir='ltr'>vmss</span> <span class='ocrx_word' id='word_1_5' title='bbox 1639 301 1761 362; x_wconf 79' lang='lat'>217</span> 
     </span>
    </p>
   </div>
   <div class='ocr_carea' id='block_1_2' title="bbox 188 386 1784 2051">
    <p class='ocr_par' dir='ltr' id='par_1_2' title="bbox 276 386 1768 636">
     <span class='ocr_line' id='line_1_2' title="bbox 276 386 1768 465; baseline 0.001 -23"><span class='ocrx_word' id='word_1_6' title='bbox 276 410 302 442; x_wconf 73' lang='grc' dir='ltr'><strong>α</strong></span> <span class='ocrx_word' id='word_1_7' title='bbox 320 390 394 443; x_wconf 88' lang='lat' dir='ltr'>Et</span> <span class='ocrx_word' id='word_1_8' title='bbox 419 387 620 455; x_wconf 67' lang='lat' dir='ltr'>melion</span> <span class='ocrx_word' id='word_1_9' title='bbox 640 390 733 458; x_wconf 79' lang='lat' dir='ltr'>sis,</span> <span class='ocrx_word' id='word_1_10' title='bbox 762 405 980 465; x_wconf 66' lang='lat' dir='ltr'>quaeso,</span> <span class='ocrx_word' id='word_1_11' title='bbox 1008 388 1178 445; x_wconf 90' lang='lat' dir='ltr'>Deis!</span> <span class='ocrx_word' id='word_1_12' title='bbox 1201 388 1259 444; x_wconf 89' lang='lat' dir='ltr'>Si</span> <span class='ocrx_word' id='word_1_13' title='bbox 1281 387 1509 463; x_wconf 88' lang='lat' dir='ltr'>quando</span> <span class='ocrx_word' id='word_1_14' title='bbox 1530 386 1768 443; x_wconf 62' lang='lat' dir='ltr'>nefande</span> 
     </span>
     <span class='ocr_line' id='line_1_3' title="bbox 277 473 1521 550; baseline -0.001 -23"><span class='ocrx_word' id='word_1_15' title='bbox 277 497 305 527; x_wconf 70' lang='grc' dir='ltr'><strong>α</strong></span> <span class='ocrx_word' id='word_1_16' title='bbox 323 477 451 530; x_wconf 85' lang='lat' dir='ltr'>Huc</span> <span class='ocrx_word' id='word_1_17' title='bbox 466 473 654 531; x_wconf 81' lang='lat' dir='ltr'>&#39;aderit</span> <span class='ocrx_word' id='word_1_18' title='bbox 671 477 892 550; x_wconf 76' lang='lat' dir='ltr'>‘conjux</span> <span class='ocrx_word' id='word_1_19' title='bbox 908 516 925 545; x_wconf 84' lang='lat'>.,</span> <span class='ocrx_word' id='word_1_20' title='bbox 948 473 1029 530; x_wconf 83' lang='lat' dir='ltr'>illi</span> <span class='ocrx_word' id='word_1_21' title='bbox 1057 476 1276 531; x_wconf 82' lang='lat' dir='ltr'>funesta</span> <span class='ocrx_word' id='word_1_22' title='bbox 1300 492 1521 529; x_wconf 85' lang='lat' dir='ltr'>reserva</span> 
     </span>
     <span class='ocr_line' id='line_1_4' title="bbox 277 555 1766 636; baseline -0.005 -22"><span class='ocrx_word' id='word_1_23' title='bbox 277 583 305 613; x_wconf 77' lang='grc' dir='ltr'><strong>α</strong></span> <span class='ocrx_word' id='word_1_24' title='bbox 324 557 603 636; x_wconf 85' lang='lat' dir='ltr'>Supplicia</span> <span class='ocrx_word' id='word_1_25' title='bbox 628 577 643 613; x_wconf 71' lang='grc' dir='ltr'><strong>ε</strong></span> <span class='ocrx_word' id='word_1_26' title='bbox 672 556 764 614; x_wconf 81' lang='lat' dir='ltr'>illa</span> <span class='ocrx_word' id='word_1_27' title='bbox 789 569 921 628; x_wconf 70' lang='lat' dir='ltr'>tua,</span> <span class='ocrx_word' id='word_1_28' title='bbox 951 571 1140 614; x_wconf 83' lang='lat' dir='ltr'>rector</span> <span class='ocrx_word' id='word_1_29' title='bbox 1161 557 1308 612; x_wconf 91' lang='lat' dir='ltr'>bone</span> <span class='ocrx_word' id='word_1_30' title='bbox 1324 601 1340 623; x_wconf 94' lang='lat'><em>‚</em></span> <span class='ocrx_word' id='word_1_31' title='bbox 1372 555 1591 632; x_wconf 83' lang='lat' dir='ltr'>dignior</span> <span class='ocrx_word' id='word_1_32' title='bbox 1614 556 1711 631; x_wconf 80' lang='lat' dir='ltr'>ira.</span> <span class='ocrx_word' id='word_1_33' title='bbox 1738 578 1766 607; x_wconf 71' lang='lat' dir='ltr'>n</span> 
     </span>
    </p>

    <p class='ocr_par' dir='ltr' id='par_1_3' title="bbox 188 636 1781 1899">
     <span class='ocr_line' id='line_1_5' title="bbox 342 636 1677 720; baseline -0.001 -22"><span class='ocrx_word' id='word_1_34' title='bbox 342 640 566 720; x_wconf 81' lang='lat' dir='ltr'>Accipit</span> <span class='ocrx_word' id='word_1_35' title='bbox 593 641 683 698; x_wconf 91' lang='lat' dir='ltr'>ille</span> <span class='ocrx_word' id='word_1_36' title='bbox 712 660 915 718; x_wconf 81' lang='lat' dir='ltr'>preces</span> <span class='ocrx_word' id='word_1_37' title='bbox 933 684 949 712; x_wconf 81' lang='lat'>,</span> <span class='ocrx_word' id='word_1_38' title='bbox 976 636 1416 718; x_wconf 79' lang='lat' dir='ltr'>indignaturque</span> <span class='ocrx_word' id='word_1_39' title='bbox 1444 639 1677 696; x_wconf 80' lang='lat' dir='ltr'>moveri.</span> 
     </span>
     <span class='ocr_line' id='line_1_6' title="bbox 274 724 1595 803; baseline -0.005 -19"><span class='ocrx_word' id='word_1_40' title='bbox 274 726 348 785; x_wconf 86' lang='lat' dir='ltr'>Ut</span> <span class='ocrx_word' id='word_1_41' title='bbox 370 727 461 784; x_wconf 91' lang='lat' dir='ltr'>leo</span> <span class='ocrx_word' id='word_1_42' title='bbox 485 724 716 803; x_wconf 79' lang='lat' dir='ltr'>Massyli</span> <span class='ocrx_word' id='word_1_43' title='bbox 738 769 757 798; x_wconf 83' lang='lat'>‚</span> <span class='ocrx_word' id='word_1_44' title='bbox 786 746 913 784; x_wconf 83' lang='lat' dir='ltr'>cum</span> <span class='ocrx_word' id='word_1_45' title='bbox 934 726 1032 783; x_wconf 84' lang='lat' dir='ltr'>lux</span> <span class='ocrx_word' id='word_1_46' title='bbox 1059 725 1213 781; x_wconf 85' lang='lat' dir='ltr'>stetit</span> <span class='ocrx_word' id='word_1_47' title='bbox 1238 725 1402 783; x_wconf 83' lang='lat' dir='ltr'>obvia</span> <span class='ocrx_word' id='word_1_48' title='bbox 1429 725 1595 792; x_wconf 80' lang='lat' dir='ltr'>ferri,</span> 
     </span>
     <span class='ocr_line' id='line_1_7' title="bbox 272 806 1663 881; baseline -0.003 -14"><span class='ocrx_word' id='word_1_49' title='bbox 272 812 427 868; x_wconf 86' lang='lat' dir='ltr'>Tunc</span> <span class='ocrx_word' id='word_1_50' title='bbox 446 811 586 881; x_wconf 88' lang='lat' dir='ltr'>iras,</span> <span class='ocrx_word' id='word_1_51' title='bbox 614 824 747 867; x_wconf 88' lang='lat' dir='ltr'>tunc</span> <span class='ocrx_word' id='word_1_52' title='bbox 775 831 925 866; x_wconf 87' lang='lat' dir='ltr'>arma</span> <span class='ocrx_word' id='word_1_53' title='bbox 950 809 1086 866; x_wconf 82' lang='lat' dir='ltr'>citat</span> <span class='ocrx_word' id='word_1_54' title='bbox 1109 828 1120 863; x_wconf 72' lang='grc' dir='ltr'>ε</span> <span class='ocrx_word' id='word_1_55' title='bbox 1149 810 1193 864; x_wconf 91' lang='lat' dir='ltr'>si</span> <span class='ocrx_word' id='word_1_56' title='bbox 1215 808 1441 866; x_wconf 83' lang='lat' dir='ltr'>decidat</span> <span class='ocrx_word' id='word_1_57' title='bbox 1459 806 1663 877; x_wconf 85' lang='lat' dir='ltr'>hostis,</span> 
     </span>
     <span class='ocr_line' id='line_1_8' title="bbox 270 893 1695 970; baseline -0.003 -17"><span class='ocrx_word' id='word_1_58' title='bbox 270 898 358 953; x_wconf 88' lang='lat' dir='ltr'>Ire</span> <span class='ocrx_word' id='word_1_59' title='bbox 382 917 548 969; x_wconf 82' lang='lat' dir='ltr'>supra</span> <span class='ocrx_word' id='word_1_60' title='bbox 570 896 703 950; x_wconf 82' lang='lat' dir='ltr'>satis</span> <span class='ocrx_word' id='word_1_61' title='bbox 728 906 811 951; x_wconf 85' lang='lat' dir='ltr'>est</span> <span class='ocrx_word' id='word_1_62' title='bbox 828 935 844 964; x_wconf 79' lang='lat'>‚</span> <span class='ocrx_word' id='word_1_63' title='bbox 868 895 1154 970; x_wconf 86' lang='lat' dir='ltr'>vitamque</span> <span class='ocrx_word' id='word_1_64' title='bbox 1182 894 1500 970; x_wconf 81' lang='lat' dir='ltr'>relinquere</span> <span class='ocrx_word' id='word_1_65' title='bbox 1528 893 1695 951; x_wconf 76' lang='lat' dir='ltr'>victo·</span> 
     </span>
     <span class='ocr_line' id='line_1_9' title="bbox 263 977 1569 1055; baseline 0.001 -22"><span class='ocrx_word' id='word_1_66' title='bbox 263 1044 266 1051; x_wconf 66' lang='lat'>,</span> <span class='ocrx_word' id='word_1_67' title='bbox 336 981 569 1034; x_wconf 79' lang='lat' dir='ltr'>Interea</span> <span class='ocrx_word' id='word_1_68' title='bbox 597 978 785 1044; x_wconf 67' lang='lat' dir='ltr'>vittis,</span> <span class='ocrx_word' id='word_1_69' title='bbox 807 977 1078 1051; x_wconf 88' lang='lat' dir='ltr'>lauroque</span> <span class='ocrx_word' id='word_1_70' title='bbox 1105 977 1340 1055; x_wconf 68' lang='lat' dir='ltr'>insignis</span> <span class='ocrx_word' id='word_1_71' title='bbox 1361 979 1569 1052; x_wconf 78' lang='lat' dir='ltr'>opima,</span> 
     </span>
     <span class='ocr_line' id='line_1_10' title="bbox 267 1052 1765 1134; baseline 0.001 -19"><span class='ocrx_word' id='word_1_72' title='bbox 267 1052 518 1129; x_wconf 51' lang='lat' dir='ltr'>*Cui-rusi,</span> <span class='ocrx_word' id='word_1_73' title='bbox 551 1072 607 1115; x_wconf 88' lang='lat' dir='ltr'>et</span> <span class='ocrx_word' id='word_1_74' title='bbox 635 1058 870 1134; x_wconf 82' lang='lat' dir='ltr'>egregiis</span> <span class='ocrx_word' id='word_1_75' title='bbox 891 1059 1062 1114; x_wconf 89' lang='lat' dir='ltr'>modo</span> <span class='ocrx_word' id='word_1_76' title='bbox 1088 1058 1418 1117; x_wconf 82' lang='lat' dir='ltr'>formidatus</span> <span class='ocrx_word' id='word_1_77' title='bbox 1442 1062 1499 1115; x_wconf 91' lang='lat' dir='ltr'>in</span> <span class='ocrx_word' id='word_1_78' title='bbox 1525 1058 1689 1117; x_wconf 85' lang='lat' dir='ltr'>armis</span> <span class='ocrx_word' id='word_1_79' title='bbox 1705 1103 1722 1133; x_wconf 85' lang='lat'>,</span> <span class='ocrx_word' id='word_1_80' title='bbox 1748 1112 1765 1122; x_wconf 74' lang='grc'>,,</span> 
     </span>
     <span class='ocr_line' id='line_1_11' title="bbox 279 1142 1595 1222; baseline 0.002 -22"><span class='ocrx_word' id='word_1_81' title='bbox 279 1148 434 1200; x_wconf 90' lang='lat' dir='ltr'>Luce</span> <span class='ocrx_word' id='word_1_82' title='bbox 460 1144 644 1221; x_wconf 84' lang='lat' dir='ltr'>palam</span> <span class='ocrx_word' id='word_1_83' title='bbox 663 1188 681 1212; x_wconf 91' lang='lat'><strong><em>,</em></strong></span> <span class='ocrx_word' id='word_1_84' title='bbox 714 1145 869 1200; x_wconf 80' lang='lat' dir='ltr'>fusus</span> <span class='ocrx_word' id='word_1_85' title='bbox 893 1142 1028 1200; x_wconf 88' lang='lat' dir='ltr'>nulli</span> <span class='ocrx_word' id='word_1_86' title='bbox 1055 1180 1074 1214; x_wconf 90' lang='lat'>,-</span> <span class='ocrx_word' id='word_1_87' title='bbox 1099 1144 1349 1220; x_wconf 83' lang='lat' dir='ltr'>nullique</span> <span class='ocrx_word' id='word_1_88' title='bbox 1374 1147 1595 1222; x_wconf 83' lang='lat' dir='ltr'>fugatus</span> 
     </span>
     <span class='ocr_line' id='line_1_12' title="bbox 188 1229 1732 1308; baseline -0.001 -20"><span class='ocrx_word' id='word_1_89' title='bbox 188 1239 194 1245; x_wconf 85' lang='grc'><strong>’</strong></span> <span class='ocrx_word' id='word_1_90' title='bbox 275 1230 586 1305; x_wconf 76' lang='lat' dir='ltr'>Quaeritur3</span> <span class='ocrx_word' id='word_1_91' title='bbox 616 1229 889 1287; x_wconf 86' lang='lat' dir='ltr'>absis-tunt</span> <span class='ocrx_word' id='word_1_92' title='bbox 916 1243 1141 1300; x_wconf 82' lang='lat' dir='ltr'>turmae‚</span> <span class='ocrx_word' id='word_1_93' title='bbox 1171 1244 1542 1308; x_wconf 83' lang='lat' dir='ltr'>suspectaque</span> <span class='ocrx_word' id='word_1_94' title='bbox 1570 1231 1732 1288; x_wconf 86' lang='lat' dir='ltr'>tellus</span> 
     </span>
     <span class='ocr_line' id='line_1_13' title="bbox 275 1310 1435 1393; baseline 0 -21"><span class='ocrx_word' id='word_1_95' title='bbox 275 1316 555 1372; x_wconf 84' lang='lat' dir='ltr'>Omnibus</span> <span class='ocrx_word' id='word_1_96' title='bbox 579 1335 598 1373; x_wconf 71' lang='lat' dir='ltr'>z·</span> <span class='ocrx_word' id='word_1_97' title='bbox 623 1314 781 1373; x_wconf 88' lang='lat' dir='ltr'>infidi</span> <span class='ocrx_word' id='word_1_98' title='bbox 805 1310 965 1372; x_wconf 48' lang='lat' dir='ltr'>miles</span> <span class='ocrx_word' id='word_1_99' title='bbox 988 1316 1224 1392; x_wconf 83' lang='lat' dir='ltr'>vestigia</span> <span class='ocrx_word' id='word_1_100' title='bbox 1249 1317 1435 1393; x_wconf 87' lang='lat' dir='ltr'>campi</span> 
     </span>
     <span class='ocr_line' id='line_1_14' title="bbox 279 1400 1609 1479; baseline 0 -22"><span class='ocrx_word' id='word_1_101' title='bbox 279 1401 495 1479; x_wconf 78' lang='lat' dir='ltr'>Circuit</span> <span class='ocrx_word' id='word_1_102' title='bbox 510 1443 527 1472; x_wconf 85' lang='lat'>‚</span> <span class='ocrx_word' id='word_1_103' title='bbox 557 1414 720 1476; x_wconf 90' lang='lat' dir='ltr'>atque</span> <span class='ocrx_word' id='word_1_104' title='bbox 750 1401 924 1458; x_wconf 83' lang='lat' dir='ltr'>avidae</span> <span class='ocrx_word' id='word_1_105' title='bbox 949 1401 1122 1457; x_wconf 81' lang='lat' dir='ltr'>tristis</span> <span class='ocrx_word' id='word_1_106' title='bbox 1145 1400 1301 1458; x_wconf 87' lang='lat' dir='ltr'>locus</span> <span class='ocrx_word' id='word_1_107' title='bbox 1325 1400 1418 1458; x_wconf 79' lang='lat' dir='ltr'>ille</span> <span class='ocrx_word' id='word_1_108' title='bbox 1439 1403 1609 1458; x_wconf 83' lang='lat' dir='ltr'>ruinae</span> 
     </span>
     <span class='ocr_line' id='line_1_15' title="bbox 280 1482 1589 1560; baseline 0.002 -22"><span class='ocrx_word' id='word_1_109' title='bbox 280 1485 477 1539; x_wconf 72' lang='lat' dir='ltr'>Cessat</span> <span class='ocrx_word' id='word_1_110' title='bbox 493 1495 596 1553; x_wconf 78' lang='lat' dir='ltr'>,et</span> <span class='ocrx_word' id='word_1_111' title='bbox 620 1482 829 1541; x_wconf 83' lang='lat' dir='ltr'>inferni</span> <span class='ocrx_word' id='word_1_112' title='bbox 854 1485 1062 1557; x_wconf 66' lang='lat' dir='ltr'>vitatur</span> <span class='ocrx_word' id='word_1_113' title='bbox 1084 1483 1298 1541; x_wconf 82' lang='lat' dir='ltr'>honore</span> <span class='ocrx_word' id='word_1_114' title='bbox 1323 1485 1589 1560; x_wconf 86' lang='lat' dir='ltr'>sepul-cri.</span> 
     </span>
     <span class='ocr_line' id='line_1_16' title="bbox 279 1568 1605 1646; baseline 0 -22"><span class='ocrx_word' id='word_1_115' title='bbox 279 1570 520 1627; x_wconf 79' lang='lat' dir='ltr'>Nuntius</span> <span class='ocrx_word' id='word_1_116' title='bbox 541 1570 790 1626; x_wconf 84' lang='lat' dir='ltr'>hortanti</span> <span class='ocrx_word' id='word_1_117' title='bbox 817 1568 1038 1626; x_wconf 84' lang='lat' dir='ltr'>diversa</span> <span class='ocrx_word' id='word_1_118' title='bbox 1063 1571 1123 1624; x_wconf 88' lang='lat' dir='ltr'>in</span> <span class='ocrx_word' id='word_1_119' title='bbox 1147 1582 1306 1646; x_wconf 80' lang='lat' dir='ltr'>parte</span> <span class='ocrx_word' id='word_1_120' title='bbox 1326 1569 1605 1646; x_wconf 79' lang='lat' dir='ltr'>maniplos</span> 
     </span>
     <span class='ocr_line' id='line_1_17' title="bbox 283 1654 1533 1729; baseline 0.002 -21"><span class='ocrx_word' id='word_1_121' title='bbox 283 1654 528 1711; x_wconf 80' lang='lat' dir='ltr'>Adrasto</span> <span class='ocrx_word' id='word_1_122' title='bbox 544 1697 559 1726; x_wconf 82' lang='lat'>‚</span> <span class='ocrx_word' id='word_1_123' title='bbox 587 1656 688 1712; x_wconf 50' lang='lat' dir='ltr'>vix¹</span> <span class='ocrx_word' id='word_1_124' title='bbox 707 1654 826 1729; x_wconf 88' lang='lat' dir='ltr'>ipse</span> <span class='ocrx_word' id='word_1_125' title='bbox 849 1665 1003 1710; x_wconf 78' lang='lat' dir='ltr'>ratus</span> <span class='ocrx_word' id='word_1_126' title='bbox 1025 1654 1229 1713; x_wconf 82' lang='lat' dir='ltr'>vidisse</span> <span class='ocrx_word' id='word_1_127' title='bbox 1255 1654 1533 1720; x_wconf 77' lang='lat' dir='ltr'>Palaemon</span> 
     </span>
     <span class='ocr_line' id='line_1_18' title="bbox 282 1734 1781 1817; baseline 0.002 -27"><span class='ocrx_word' id='word_1_128' title='bbox 282 1734 549 1805; x_wconf 79' lang='lat' dir='ltr'>Advolat,</span> <span class='ocrx_word' id='word_1_129' title='bbox 571 1750 631 1792; x_wconf 82' lang='lat' dir='ltr'>et</span> <span class='ocrx_word' id='word_1_130' title='bbox 653 1739 941 1813; x_wconf 76' lang='lat' dir='ltr'>trepidans</span> <span class='ocrx_word' id='word_1_131' title='bbox 960 1740 1220 1817; x_wconf 84' lang='lat' dir='ltr'>(steterat</span> <span class='ocrx_word' id='word_1_132' title='bbox 1240 1760 1371 1795; x_wconf 88' lang='lat' dir='ltr'>nam</span> <span class='ocrx_word' id='word_1_133' title='bbox 1392 1743 1538 1797; x_wconf 81' lang='lat' dir='ltr'>sorte</span> <span class='ocrx_word' id='word_1_134' title='bbox 1560 1739 1781 1795; x_wconf 84' lang='lat' dir='ltr'>cadenti</span> 
     </span>
     <span class='ocr_line' id='line_1_19' title="bbox 281 1822 1665 1899; baseline 0.001 -21"><span class='ocrx_word' id='word_1_135' title='bbox 281 1822 605 1898; x_wconf 80' lang='lat' dir='ltr'>Proximus)</span> <span class='ocrx_word' id='word_1_136' title='bbox 633 1824 1002 1899; x_wconf 79' lang='lat' dir='ltr'>inspectoque</span> <span class='ocrx_word' id='word_1_137' title='bbox 1028 1826 1198 1879; x_wconf 82' lang='lat' dir='ltr'>miser</span> <span class='ocrx_word' id='word_1_138' title='bbox 1220 1825 1465 1898; x_wconf 76' lang='lat' dir='ltr'>pallebat</span> <span class='ocrx_word' id='word_1_139' title='bbox 1487 1825 1665 1880; x_wconf 85' lang='lat' dir='ltr'>hiatu.</span> 
     </span>
    </p>

    <p class='ocr_par' dir='ltr' id='par_1_4' title="bbox 361 1908 1784 1984">
     <span class='ocr_line' id='line_1_20' title="bbox 361 1908 1784 1984; baseline 0.004 -23"><span class='ocrx_word' id='word_1_140' title='bbox 361 1932 391 1961; x_wconf 79' lang='grc' dir='ltr'><strong>α</strong></span> <span class='ocrx_word' id='word_1_141' title='bbox 412 1911 603 1970; x_wconf 79' lang='lat' dir='ltr'>Verte</span> <span class='ocrx_word' id='word_1_142' title='bbox 619 1908 888 1984; x_wconf 84' lang='lat' dir='ltr'>gradum:</span> <span class='ocrx_word' id='word_1_143' title='bbox 919 1909 1077 1984; x_wconf 83' lang='lat' dir='ltr'>fuge,</span> <span class='ocrx_word' id='word_1_144' title='bbox 1107 1920 1294 1964; x_wconf 85' lang='lat' dir='ltr'>rector</span> <span class='ocrx_word' id='word_1_145' title='bbox 1316 1952 1331 1978; x_wconf 90' lang='lat'><strong>,</strong></span> <span class='ocrx_word' id='word_1_146' title='bbox 1361 1910 1465 1978; x_wconf 82' lang='lat' dir='ltr'>ait,</span> <span class='ocrx_word' id='word_1_147' title='bbox 1507 1910 1555 1967; x_wconf 81' lang='lat' dir='ltr'>si</span> <span class='ocrx_word' id='word_1_148' title='bbox 1574 1911 1784 1966; x_wconf 78' lang='lat' dir='ltr'>Dorica</span> 
     </span>
    </p>

    <p class='ocr_par' dir='ltr' id='par_1_5' title="bbox 506 1992 699 2051">
     <span class='ocr_line' id='line_1_21' title="bbox 506 1992 699 2051; baseline -0.005 -2"><span class='ocrx_word' id='word_1_149' title='bbox 506 1992 699 2051; x_wconf 84' lang='lat' dir='ltr'>saltem</span> 
     </span>
    </p>
   </div>
   <div class='ocr_carea' id='block_1_3' title="bbox 211 2079 1780 2916">
    <p class='ocr_par' dir='ltr' id='par_1_6' title="bbox 211 2079 1780 2916">
     <span class='ocr_line' id='line_1_22' title="bbox 290 2079 1780 2159; baseline 0.002 -24"><span class='ocrx_word' id='word_1_150' title='bbox 290 2106 322 2131; x_wconf 70' lang='lat' dir='ltr'>u</span> <span class='ocrx_word' id='word_1_151' title='bbox 339 2083 512 2137; x_wconf 86' lang='lat' dir='ltr'>Terra</span> <span class='ocrx_word' id='word_1_152' title='bbox 543 2080 700 2151; x_wconf 88' lang='lat' dir='ltr'>loc0,</span> <span class='ocrx_word' id='word_1_153' title='bbox 727 2079 1033 2156; x_wconf 75' lang='lat' dir='ltr'>patriaeque</span> <span class='ocrx_word' id='word_1_154' title='bbox 1067 2093 1297 2138; x_wconf 83' lang='lat' dir='ltr'>manent</span> <span class='ocrx_word' id='word_1_155' title='bbox 1313 2124 1333 2153; x_wconf 19' lang='grc' dir='ltr'>,Δ</span> <span class='ocrx_word' id='word_1_156' title='bbox 1362 2080 1457 2138; x_wconf 84' lang='lat' dir='ltr'>ubi</span> <span class='ocrx_word' id='word_1_157' title='bbox 1483 2080 1745 2159; x_wconf 87' lang='lat' dir='ltr'>liquimus</span> <span class='ocrx_word' id='word_1_158' title='bbox 1765 2124 1780 2154; x_wconf 89' lang='lat'><strong>,</strong></span> 
     </span>
     <span class='ocr_line' id='line_1_23' title="bbox 509 2184 690 2227; baseline -0.006 -6"><span class='ocrx_word' id='word_1_159' title='bbox 509 2184 690 2227; x_wconf 81' lang='lat' dir='ltr'>arces.</span> 
     </span>
     <span class='ocr_line' id='line_1_24' title="bbox 226 2250 1684 2330; baseline 0.002 -24"><span class='ocrx_word' id='word_1_160' title='bbox 226 2302 230 2306; x_wconf 88' lang='lat'>.</span> <span class='ocrx_word' id='word_1_161' title='bbox 288 2273 319 2303; x_wconf 74' lang='grc' dir='ltr'><em>α</em></span> <span class='ocrx_word' id='word_1_162' title='bbox 340 2250 472 2307; x_wconf 75' lang='lat' dir='ltr'>Non</span> <span class='ocrx_word' id='word_1_163' title='bbox 495 2250 682 2318; x_wconf 76' lang='lat' dir='ltr'>armiS,</span> <span class='ocrx_word' id='word_1_164' title='bbox 706 2270 822 2307; x_wconf 80' lang='lat' dir='ltr'>non</span> <span class='ocrx_word' id='word_1_165' title='bbox 842 2253 1107 2330; x_wconf 86' lang='lat' dir='ltr'>sanguine</span> <span class='ocrx_word' id='word_1_166' title='bbox 1131 2273 1290 2330; x_wconf 88' lang='lat' dir='ltr'>opus.</span> <span class='ocrx_word' id='word_1_167' title='bbox 1314 2253 1465 2329; x_wconf 86' lang='lat' dir='ltr'>Quid</span> <span class='ocrx_word' id='word_1_168' title='bbox 1490 2253 1684 2310; x_wconf 87' lang='lat' dir='ltr'>inutile</span> 
     </span>
     <span class='ocr_line' id='line_1_25' title="bbox 510 2335 1619 2400; baseline 0.009 -11"><span class='ocrx_word' id='word_1_169' title='bbox 510 2335 725 2392; x_wconf 80' lang='lat' dir='ltr'>ferrum</span> <span class='ocrx_word' id='word_1_170' title='bbox 1586 2353 1619 2400; x_wconf 75' lang='grc'>.”</span> 
     </span>
     <span class='ocr_line' id='line_1_26' title="bbox 218 2418 1685 2499; baseline 0.003 -26"><span class='ocrx_word' id='word_1_171' title='bbox 218 2451 222 2456; x_wconf 85' lang='lat'><strong>·</strong></span> <span class='ocrx_word' id='word_1_172' title='bbox 291 2444 321 2473; x_wconf 75' lang='grc' dir='ltr'><strong>α</strong></span> <span class='ocrx_word' id='word_1_173' title='bbox 343 2418 670 2493; x_wconf 77' lang='lat' dir='ltr'>stringimus</span> <span class='ocrx_word' id='word_1_174' title='bbox 694 2419 755 2473; x_wconf 91' lang='lat' dir='ltr'>in</span> <span class='ocrx_word' id='word_1_175' title='bbox 780 2418 1006 2476; x_wconf 86' lang='lat' dir='ltr'>Thebas</span> <span class='ocrx_word' id='word_1_176' title='bbox 1021 2419 1050 2477; x_wconf 70' lang='grc' dir='ltr'>’.Ρ</span> <span class='ocrx_word' id='word_1_177' title='bbox 1069 2440 1262 2477; x_wconf 88' lang='lat' dir='ltr'>currus</span> <span class='ocrx_word' id='word_1_178' title='bbox 1286 2422 1489 2479; x_wconf 84' lang='lat' dir='ltr'>humus</span> <span class='ocrx_word' id='word_1_179' title='bbox 1514 2424 1685 2499; x_wconf 84' lang='lat' dir='ltr'>impia</span> 
     </span>
     <span class='ocr_line' id='line_1_27' title="bbox 512 2501 740 2569; baseline -0.009 -13"><span class='ocrx_word' id='word_1_180' title='bbox 512 2501 702 2556; x_wconf 85' lang='lat' dir='ltr'>sorbet</span> <span class='ocrx_word' id='word_1_181' title='bbox 723 2542 740 2569; x_wconf 82' lang='lat'>‚</span> 
     </span>
     <span class='ocr_line' id='line_1_28' title="bbox 295 2581 1690 2663; baseline 0.002 -22"><span class='ocrx_word' id='word_1_182' title='bbox 295 2611 326 2641; x_wconf 71' lang='lat' dir='ltr'>oc</span> <span class='ocrx_word' id='word_1_183' title='bbox 348 2587 628 2661; x_wconf 80' lang='lat' dir='ltr'>Armaque</span> <span class='ocrx_word' id='word_1_184' title='bbox 647 2628 663 2655; x_wconf 94' lang='lat'><strong>‚</strong></span> <span class='ocrx_word' id='word_1_185' title='bbox 697 2581 1074 2660; x_wconf 79' lang='lat' dir='ltr'>bellantesque</span> <span class='ocrx_word' id='word_1_186' title='bbox 1104 2588 1278 2643; x_wconf 76' lang='lat' dir='ltr'>viros.</span> <span class='ocrx_word' id='word_1_187' title='bbox 1311 2593 1519 2663; x_wconf 85' lang='lat' dir='ltr'>Fugere</span> <span class='ocrx_word' id='word_1_188' title='bbox 1556 2608 1690 2644; x_wconf 87' lang='lat' dir='ltr'>ecce</span> 
     </span>
     <span class='ocr_line' id='line_1_29' title="bbox 509 2671 903 2739; baseline -0.01 -11"><span class='ocrx_word' id='word_1_189' title='bbox 509 2671 737 2728; x_wconf 85' lang='lat' dir='ltr'>videtur</span> <span class='ocrx_word' id='word_1_190' title='bbox 899 2735 903 2739; x_wconf 3' lang='lat' dir='ltr'>p</span> 
     </span>
     <span class='ocr_line' id='line_1_30' title="bbox 211 2754 1584 2834; baseline 0.001 -25"><span class='ocrx_word' id='word_1_191' title='bbox 211 2755 220 2772; x_wconf 73' lang='lat'>²</span> <span class='ocrx_word' id='word_1_192' title='bbox 298 2757 459 2812; x_wconf 65' lang='lat' dir='ltr'>«Hic</span> <span class='ocrx_word' id='word_1_193' title='bbox 483 2755 683 2834; x_wconf 75' lang='lat' dir='ltr'>etiam,</span> <span class='ocrx_word' id='word_1_194' title='bbox 713 2775 827 2831; x_wconf 89' lang='lat' dir='ltr'>quo</span> <span class='ocrx_word' id='word_1_195' title='bbox 853 2766 1059 2811; x_wconf 82' lang='lat' dir='ltr'>stamus</span> <span class='ocrx_word' id='word_1_196' title='bbox 1077 2796 1094 2827; x_wconf 84' lang='lat'>,</span> <span class='ocrx_word' id='word_1_197' title='bbox 1124 2773 1268 2830; x_wconf 82' lang='lat' dir='ltr'>ager.</span> <span class='ocrx_word' id='word_1_198' title='bbox 1297 2754 1433 2815; x_wconf 88' lang='lat' dir='ltr'>Vidi</span> <span class='ocrx_word' id='word_1_199' title='bbox 1463 2754 1584 2831; x_wconf 89' lang='lat' dir='ltr'>ipse</span> 
     </span>
     <span class='ocr_line' id='line_1_31' title="bbox 511 2841 806 2916; baseline -0.007 -19"><span class='ocrx_word' id='word_1_200' title='bbox 511 2841 806 2916; x_wconf 80' lang='lat' dir='ltr'>profundae</span> 
     </span>
    </p>
   </div>
   <div class='ocr_carea' id='block_1_4' title="bbox 296 2926 1786 3160">
    <p class='ocr_par' dir='ltr' id='par_1_7' title="bbox 296 2926 1786 3160">
     <span class='ocr_line' id='line_1_32' title="bbox 302 2926 1732 3006; baseline 0.003 -28"><span class='ocrx_word' id='word_1_201' title='bbox 302 2947 331 2978; x_wconf 79' lang='grc' dir='ltr'><strong><em>κ</em></strong></span> <span class='ocrx_word' id='word_1_202' title='bbox 349 2926 540 2980; x_wconf 87' lang='lat' dir='ltr'>Noctis</span> <span class='ocrx_word' id='word_1_203' title='bbox 563 2926 696 2996; x_wconf 81' lang='lat' dir='ltr'>iter,</span> <span class='ocrx_word' id='word_1_204' title='bbox 724 2940 1002 3004; x_wconf 88' lang='lat' dir='ltr'>ruptaque</span> <span class='ocrx_word' id='word_1_205' title='bbox 1031 2926 1134 2983; x_wconf 89' lang='lat' dir='ltr'>soli</span> <span class='ocrx_word' id='word_1_206' title='bbox 1157 2945 1428 3006; x_wconf 83' lang='lat' dir='ltr'>compage</span> <span class='ocrx_word' id='word_1_207' title='bbox 1453 2939 1732 2996; x_wconf 82' lang='lat' dir='ltr'>ruentem,</span> 
     </span>
     <span class='ocr_line' id='line_1_33' title="bbox 296 3006 1786 3090; baseline 0.004 -27"><span class='ocrx_word' id='word_1_208' title='bbox 296 3029 330 3063; x_wconf 74' lang='grc' dir='ltr'><strong>α</strong></span> <span class='ocrx_word' id='word_1_209' title='bbox 352 3006 539 3078; x_wconf 78' lang='lat' dir='ltr'>Illum,</span> <span class='ocrx_word' id='word_1_210' title='bbox 561 3009 702 3069; x_wconf 83' lang='lat' dir='ltr'>heu!</span> <span class='ocrx_word' id='word_1_211' title='bbox 728 3013 986 3089; x_wconf 70' lang='lat' dir='ltr'>praesagis</span> <span class='ocrx_word' id='word_1_212' title='bbox 1010 3033 1121 3090; x_wconf 82' lang='lat' dir='ltr'>quo</span> <span class='ocrx_word' id='word_1_213' title='bbox 1139 3014 1323 3072; x_wconf 86' lang='lat' dir='ltr'>nullus</span> <span class='ocrx_word' id='word_1_214' title='bbox 1344 3012 1573 3069; x_wconf 89' lang='lat' dir='ltr'>amicior</span> <span class='ocrx_word' id='word_1_215' title='bbox 1596 3015 1786 3083; x_wconf 82' lang='lat' dir='ltr'>astris,</span> 
     </span>
     <span class='ocr_line' id='line_1_34' title="bbox 380 3098 1503 3160; baseline 0.004 -5"><span class='ocrx_word' id='word_1_216' title='bbox 380 3098 660 3158; x_wconf 68' lang='lat' dir='ltr'>Sn‘tws.</span> <span class='ocrx_word' id='word_1_217' title='bbox 1431 3124 1451 3160; x_wconf 85' lang='lat'>1</span> <span class='ocrx_word' id='word_1_218' title='bbox 1467 3122 1503 3160; x_wconf 91' lang='grc' dir='ltr'><strong>ο</strong></span> 
     </span>
    </p>
   </div>
   <div class='ocr_carea' id='block_1_5' title="bbox 401 3189 440 3204">
    <p class='ocr_par' dir='ltr' id='par_1_8' title="bbox 401 3189 440 3204">
     <span class='ocr_line' id='line_1_35' title="bbox 401 3189 440 3204; baseline 0 -4"><span class='ocrx_word' id='word_1_219' title='bbox 401 3189 440 3204; x_wconf 51' lang='lat' dir='ltr'>x</span> 
     </span>
    </p>
   </div>
  </div>
 </body>
</html>
