2079 3613
482 312 592 368 226
727 308 1173 372 THEBAIDOS‚
1227 312 1366 360 Lm.
1419 314 1524 362 lv.
1761 324 1835 383 0¹

345 408 695 483 Taygetique
719 406 994 483 phalanx,
1023 419 1080 462 et
1106 403 1277 468 olonis
1277 405 1358 461 eri
1387 409 1606 463 Eurotoe

344 494 498 549 Dura
525 512 740 549 manus,
774 496 923 548 Deus
951 493 1071 566 ipse
1100 490 1249 547 viros
1275 490 1334 546 in
1355 490 1582 563 pulvere
1609 491 1784 548 crudo

342 581 512 634 Arcas
538 579 635 633 alit
655 620 670 646 ‚
701 579 976 653 nudaeque
1003 577 1201 632 modos
1227 574 1480 643 virtutiS,
1508 589 1565 631 et
1592 577 1697 631 iras

340 664 636 738 Ingenerat
660 682 672 717 :
705 661 860 739 vigor
883 661 1012 717 inde
1036 661 1233 716 animis
1249 700 1264 730 ‚
1292 674 1348 717 et
1367 659 1560 716 morti„
1580 660 1809 716 honorae

260 795 263 796 γ
342 748 522 803 Dulce
545 769 785 803 sacrum.
804 747 1070 803 Gaudent
1091 759 1348 802 natorum
1367 746 1422 800 in
1435 746 1548 802 sata
1568 759 1846 821 parenteS,

342 834 769 908 Hortanturque
809 833 952 889 mori
991 853 1006 888 ε
1049 834 1214 889 dellet
1257 834 1481 908 jamque
1519 831 1700 888 omnis

484 969 493 978 .
550 919 836 996 ephebum

341 1005 566 1062 Turba:
595 1016 862 1059 coronato
899 1018 1165 1061 contenta
1195 1018 1275 1060 est
1306 1005 1504 1061 funere
1539 1017 1736 1060 mater.

338 1092 524 1145 Frena
552 1102 782 1156 tenent,
815 1089 1139 1164 duplexque
1171 1091 1383 1143 inserto
1417 1090 1625 1144 missile
1656 1091 1806 1146 nodo
1828 1132 1848 1161 ,

340 1176 561 1232 Exserti
588 1176 836 1249 ingentes
863 1174 1127 1231 humeros
1156 1193 1170 1230 :
1202 1174 1456 1250 chlamys
1477 1173 1705 1231 horrida

563 1262 779 1339 pendet
807 1303 823 1332 ‚

336 1350 406 1406 Et
434 1369 575 1405 cono
603 1349 837 1410 Ledaeus
859 1368 1020 1424 apex.
1050 1351 1175 1403 Non
1200 1347 1260 1401 hi
1289 1347 1392 1402 tibi
1418 1348 1541 1403 solu
1565 1367 1593 1399 n
1611 1388 1627 1416 ,

331 1435 692 1512 Amphiarae,
721 1449 975 1490 merent:
1012 1447 1180 1510 auget
1206 1431 1469 1508 resupina
1497 1429 1770 1508 maniplos

336 1515 450 1572 Elis
471 1535 483 1571 :
514 1522 790 1596 depressae
811 1519 1057 1596 populus
1076 1518 1225 1574 subit
1246 1518 1435 1592 incola
1461 1518 1625 1585 Pisae,

335 1601 444 1674 Qui
470 1614 526 1657 te
545 1645 560 1672 .,
592 1604 762 1675 ssave,
792 1617 989 1659 natant
1017 1605 1210 1671 terris,
1239 1600 1480 1676 Alphee,
1510 1598 1720 1655 Sicanis

337 1687 582 1758 Advena‚
598 1701 712 1745 tam
729 1689 894 1764 longo
912 1709 1026 1744 non
1047 1707 1289 1763 unquam
1303 1686 1511 1741 infecte
1529 1683 1844 1760 profundo.

336 1773 611 1829 Curribus
635 1775 943 1833 innumeris
962 1774 1075 1830 late
1097 1772 1280 1849 patria
1303 1778 1436 1828 arva
1457 1770 1736 1827 lacessunt
1750 1812 1765 1841 ,

338 1859 410 1913 Et
434 1856 591 1912 bellis
617 1873 867 1913 armenta
890 1861 1134 1914 domant.
1160 1863 1238 1911 Ea
1265 1859 1439 1931 gloria
1460 1855 1644 1929 genti,

334 1941 578 1997 Infando
600 1941 668 1996 de
688 1962 842 1997 more
859 1984 875 2011 ‚
900 1955 956 1998 et
978 1942 1166 1996 fractis
1193 1940 1360 1992 durat
1387 1940 1458 1992 ab
1488 1957 1665 2012 usque

333 2028 543 2083 Axibus
563 2028 863 2084 OEnomai.
886 2025 1141 2083 Strident
1161 2022 1480 2099 spumantia
1498 2041 1688 2079 morsu

332 2114 603 2185 Vincula3
629 2128 685 2170 et
714 2114 939 2170 effossas
965 2111 1165 2168 niveus
1185 2111 1327 2188 rigat
1351 2109 1529 2164 imber
1547 2128 1754 2165 arenas.

404 2206 493 2256 Tu
513 2220 737 2276 quoque
756 2190 1071 2255 Parrhasias
1093 2199 1283 2275 ignara
1310 2209 1487 2252 matre
1513 2208 1760 2251 catervas
1775 2238 1790 2264 ,

333 2284 452 2343 Ah!
475 2286 631 2342 rudis
657 2306 939 2341 armorum
963 2282 1208 2361 (tantum
1232 2302 1376 2339 nova
1400 2279 1571 2356 gloria
1591 2281 1781 2339 suadet
1798 2282 1835 2361 !)

328 2372 727 2446 Parthenopaee
742 2413 756 2437 ,
780 2372 961 2447 rapis!
989 2374 1135 2426 Tum
1157 2369 1328 2425 saltus
1352 2370 1496 2424 forte
1520 2381 1767 2423 remotos

334 2458 517 2511 Torva
545 2474 751 2530 parens
778 2454 996 2532 (neque
1019 2454 1166 2509 enim
1187 2453 1307 2509 haec
1328 2453 1516 2529 juveni
1546 2452 1692 2507 foret
1716 2453 1801 2507 ire

556 2551 808 2610 potestas
826 2538 848 2615 )

329 2620 574 2680 Pacabat
600 2640 811 2685 cornu,
841 2620 1123 2694 gelidique
1153 2642 1349 2678 aversa
1375 2624 1570 2695 Lycei.
1685 2651 1728 2673 -x

331 2709 629 2767 Pulchrior
650 2705 807 2762 haud
836 2705 932 2761 ulli
960 2704 1118 2760 triste
1152 2709 1224 2761 ad
1250 2707 1550 2761 discrimen
1575 2708 1724 2764 ituro

265 2853 269 2858 ,
332 2796 563 2863 VultuS‚
600 2808 656 2849 et
685 2790 919 2867 egregiae
957 2803 1113 2847 tanta
1141 2789 1487 2866 indulgentia
1519 2794 1742 2866 formae3

329 2884 448 2937 Nee
470 2880 670 2937 desunt
691 2880 889 2948 animi,
919 2877 1108 2935 veniat
1140 2876 1311 2930 modo
1332 2875 1532 2931 fortior
1558 2888 1707 2933 aetas·

334 2970 484 3037 Quas
506 2986 618 3021 non
646 2963 734 3020 ille
754 2967 928 3021 duces
950 2983 1267 3030 nemorum,
1295 2960 1582 3037 fluviisque
1602 2962 1787 3019 dicata

333 3050 569 3111 Numina
584 3094 603 3121 ‚
630 3070 768 3127 quas
792 3062 992 3128 magno
1017 3070 1133 3107 non
1158 3045 1381 3125 impulit
1413 3044 1540 3125 igne
1557 3044 1831 3126 Napaeas?
