2079 3613
276 233 403 314 398
469 305 475 308 ‚
518 244 1039 307 ACHILLEJDOS‚
1091 245 1233 295 mn.
1286 249 1369 295 11.
1410 278 1413 281 ι
1501 248 1574 303 68

275 363 301 390 α
321 341 437 395 Has
456 341 574 396 sine
590 385 604 407 ‚
629 360 842 417 quae30,
871 341 1049 397 minas
1069 383 1086 411 ,
1112 361 1430 418 numenque
1457 339 1613 399 exire

493 425 815 502 malignum.

273 522 306 585 <n
326 512 459 567 Mox
484 510 689 567 iterum
716 529 979 586 camPOS‚
1010 511 1211 566 iterum
1238 511 1585 569 Centaurica

490 595 727 650 reddam

271 702 298 729 α
320 681 523 736 Lustra
547 681 668 736 tibi.
697 683 802 736 Per
824 699 929 759 ego
951 679 1063 736 hoc
1082 679 1286 750 decus,
1317 693 1375 736 et
1393 693 1630 738 ventura

485 768 725 839 juventae

271 868 297 897 ι(
319 848 537 905 Gaudia
557 891 573 919 ‚
604 850 648 904 si
674 862 877 918 term,
904 849 1286 926 humilemque
1313 864 1549 927 experta

481 946 738 988 maritum

268 1035 293 1063 α
312 1017 397 1068 Te
423 1031 689 1092 propter,
719 1019 763 1076 si
785 1019 1147 1096 progenitum
1184 1019 1360 1097 Stygis
1382 1041 1546 1075 amne
1564 1040 1762 1080 severo

266 1122 293 1151 ε(
314 1101 580 1173 Armavi,
608 1104 932 1181 (totumque
960 1105 1172 1160 utinam
1189 1105 1242 1180 ἔ)
1268 1125 1408 1182 cape
1436 1118 1557 1162 tuta

481 1207 784 1265 parumper

264 1294 291 1323 «
313 1272 579 1346 Tegmina
598 1317 613 1343 ‚
641 1274 985 1330 nilnocitura
1008 1273 1213 1328 animo·
1238 1275 1355 1330 Cur
1374 1293 1470 1330 ora
1486 1274 1710 1334 reducis
1734 1275 1763 1333 ¹?

263 1377 291 1406 α
313 1357 534 1428 Quidve
561 1354 764 1432 parant
783 1356 971 1414 oculi?
995 1357 1176 1433 pudet
1201 1357 1314 1413 hoc
1332 1359 1621 1416 mitescere

465 1440 658 1498 cultu?

260 1546 287 1575 «
309 1524 414 1581 Per
440 1539 522 1596 te,
555 1546 678 1581 care
703 1544 878 1600 puer,
911 1536 1147 1601 cognata
1173 1544 1278 1599 per
1303 1546 1530 1604 aequora.
1550 1528 1712 1601 juro!

255 1630 282 1660 α
309 1610 533 1667 Nesciet
555 1610 667 1667 hoc
685 1610 920 1667 Chiron.
944 1633 973 1662 »
1005 1610 1097 1667 Sic
1122 1609 1353 1667 horrida
1371 1624 1608 1687 pectora

477 1708 680 1752 tractat
697 1739 714 1764 ‚

252 1780 635 1859 Nequicquam
664 1783 932 1841 mulcens,
960 1782 1159 1839 Obstat
1183 1782 1513 1861 genitorque

472 1871 692 1945 roganti

251 1955 617 2031 Nutritorque
645 1957 840 2033 ingens
858 2000 875 2024 ,
902 1970 960 2012 et
988 1954 1161 2012 cruda
1185 1953 1416 2011 exordia
1444 1947 1656 2028 magnae

247 2039 484 2097 Indolis.
514 2043 750 2097 Effrenae
777 2041 1050 2098 tumidum
1071 2040 1224 2098 velut
1249 2040 1376 2116 igne
1405 2042 1642 2111 juventae

244 2126 303 2181 Si
330 2126 453 2202 quis
480 2147 685 2201 equum
712 2126 909 2202 primis
932 2124 1278 2182 summittere
1313 2137 1492 2181 tentet

466 2210 700 2265 habenis
717 2251 733 2279 ‚

242 2293 346 2349 Ille
374 2293 466 2349 diu
495 2295 736 2370 campis,
766 2295 1055 2372 fluviisque
1069 2323 1092 2365 ‚·
1115 2308 1170 2351 et
1193 2294 1411 2351 honore
1438 2292 1684 2369 superbo

242 2377 511 2445 GavisuS,
538 2399 652 2434 non
677 2380 817 2435 colla
841 2382 973 2457 jugo
992 2423 1009 2451 .,
1037 2401 1155 2436 non
1182 2399 1377 2456 aspera
1403 2377 1614 2454 praebet

242 2467 355 2520 Ora
380 2465 558 2542 lupiS,
589 2465 909 2542 dominique
945 2467 1117 2541 gemit
1144 2466 1401 2540 captivus
1427 2465 1568 2521 inire

241 2549 483 2624 Imperia
503 2591 517 2616 ‚
548 2563 715 2624 atque
745 2549 879 2605 alios
906 2553 1138 2608 miratur
1164 2551 1379 2606 discere
1404 2570 1614 2607 cursus·

242 2634 379 2706 Quis
403 2636 554 2689 Deus
580 2634 830 2690 attonitae
853 2635 1076 2692 fraudes
1091 2679 1106 2704 .,
1138 2648 1432 2709 astumque
1451 2633 1674 2710 parenti

243 2719 535 2777 Contulit?
563 2720 862 2777 indocilem
887 2741 1009 2796 quae
1028 2740 1182 2777 mens
1207 2719 1449 2777 detraxit

466 2805 745 2862 Achillem
761 2804 788 2862 Ρ

314 2888 526 2945 Palladi
554 2890 787 2946 littoreae
813 2890 1134 2947 celebrabat
1158 2891 1364 2967 Scyros
1387 2888 1665 2947 honorum

241 2974 409 3028 Forte
436 2973 588 3029 diem
611 3016 627 3045 ,
656 2974 990 3053 placidoque
1016 2986 1148 3031 satae
1170 2972 1489 3048 Lycomede
1518 2992 1741 3031 sorores
