2079 3613
270 248 397 332 39²
528 259 1054 325 ‚Aean-mmm,
1104 240 1354 312 12113.1.
1461 274 1558 330 140

268 379 299 410 α
318 362 616 433 Donaque.
643 359 755 415 Sed
770 357 998 435 longum
1026 369 1228 416 cuncta
1246 377 1571 415 enumerare
1594 400 1611 430 ‚

234 454 237 457 ’
487 455 762 519 vetorque
786 461 802 513 ;
996 518 997 521 Ἴ

268 550 297 581 α
317 526 503 584 Trade
530 528 723 604 magis.
749 552 780 581 »
798 528 885 587 Sic
909 528 1023 584 sata
1052 547 1259 604 parens
1282 547 1296 584 z
1319 548 1501 604 neque
1524 528 1673 584 enim

484 611 575 669 ille
596 612 870 682 dedisset,

262 694 322 750 Si
346 696 538 752 molles
561 697 783 753 habitus
798 738 812 766 ‚
837 710 893 752 et
913 698 1159 771 tegmina
1175 696 1324 753 foeda
1351 696 1515 754 fateri

259 783 416 840 Ausa
435 784 574 839 seni.
598 787 758 839 Tunc
780 781 872 838 ine
897 776 1075 838 referi
1101 802 1114 837 :
1141 807 1169 835 «
1187 785 1308 838 Duc
1325 824 1342 854 ‚
1365 783 1577 858 optima
1592 822 1607 850 ,

483 888 666 945 quaeso
685 909 703 938 ‚

266 972 295 1007 cx
317 959 439 1010 Duc
467 954 706 1031 genitrix
727 958 747 1021 ‚'
770 953 1081 1029 humilique
1101 958 1250 1009 Deos
1265 953 1505 1026 infringe

480 1052 734 1115 precatu.

262 1148 291 1177 α
312 1125 457 1181 Nam
483 1138 744 1203 superant
764 1136 861 1181 tua
884 1136 1017 1180 vota
1039 1122 1267 1179 modum
1287 1164 1304 1193 ‚
1327 1120 1716 1198 placandaque

480 1210 714 1267 multum

261 1320 291 1350 α
312 1296 530 1353 Invidia
548 1310 651 1353 est.
672 1302 797 1352 Non
818 1296 963 1352 addo
984 1307 1224 1364 metum,
1246 1297 1348 1353 sed
1367 1315 1495 1352 vera
1512 1293 1750 1350 fatebor.

259 1406 291 1433 a
313 1382 525 1443 Nescio
545 1382 681 1455 quid
703 1402 963 1457 magnum
980 1383 999 1457 (
1014 1399 1120 1434 nec
1136 1399 1223 1433 me
1240 1381 1420 1454 patria
1437 1379 1620 1434 omina

476 1462 692 1520 fallunt.
724 1461 744 1541 )
1503 1522 1524 1543 ⁸

260 1571 290 1601 α
316 1547 415 1603 Vis
441 1548 645 1605 festina
672 1561 867 1626 parat,
891 1560 1230 1622 tenerosque
1255 1547 1585 1622 supervenit
1619 1596 1622 1607 ,

485 1653 677 1688 annos,

260 1741 288 1771 α
310 1718 459 1773 Olim
482 1720 626 1777 seire
652 1718 830 1773 minas
849 1759 862 1785 ,
884 1730 942 1773 et
969 1717 1125 1774 obire
1152 1715 1342 1773 audita
1369 1714 1586 1770 solebat

254 1828 284 1857 α
308 1804 553 1880 Imperia
570 1849 583 1873 ,
602 1804 809 1861 nostris
825 1804 1024 1881 procul
1047 1801 1201 1859 haud
1221 1800 1507 1864 discedere
1521 1802 1591 1856 ab

366 1919 371 1922 ·
471 1892 663 1946 antris·
1356 1890 1360 1895 ’

255 2000 285 2027 α
299 1980 458 2032 Nunc
482 1976 635 2032 illum
660 1996 774 2031 non
800 1979 938 2032 Ossa
956 1975 1110 2049 capit
1129 2016 1143 2040 ‚
1169 1993 1284 2028 non
1307 1972 1491 2037 Pelion
1515 1973 1711 2049 ingens
1730 2013 1751 2045 ‚

256 2087 289 2114 n
310 2062 676 2118 Thessaliaeve
702 2062 882 2116 niveS.
906 2059 1025 2134 Ipsi
1052 2058 1186 2113 mihi
1212 2078 1355 2131 saepe
1381 2070 1697 2132 queruntur

256 2173 283 2202 κ
307 2148 576 2205 Centauri
597 2192 611 2215 ‚
632 2160 934 2223 raptasque
956 2148 1153 2201 domos
1173 2188 1188 2215 ‚
1215 2143 1602 2219 abstractaque

467 2254 653 2288 coram
1617 2281 1622 2282 γ
1662 2293 1665 2296 v

254 2339 283 2368 c<
305 2318 574 2373 Armenta
593 2360 608 2387 ‚
640 2331 695 2372 et
723 2317 931 2392 campis
947 2329 1120 2373 semet
1144 2315 1432 2390 fluviisque
1460 2314 1664 2388 fugari.

253 2427 281 2456 ιι
303 2405 541 2460 Insidias
568 2423 619 2460 et
644 2402 1371 2479 bella·pai’ant,'tun1idique
1397 2399 1695 2455 minantur.

252 2514 283 2541 «ι
308 2489 456 2546 Olim
476 2489 739 2565 equidem
757 2530 773 2559 ,
800 2492 1022 2566 Argoos
1035 2489 1203 2565 pinus
1221 2508 1349 2543 cum
1371 2485 1640 2541 Thessala

464 2593 625 2650 reges

252 2686 279 2715 κ
303 2663 429 2718 Huc
450 2660 681 2718 veheret
698 2700 713 2729 ‚
736 2660 996 2735 juvenem
1016 2656 1256 2714 Alciden
1271 2697 1287 2726 ,
1309 2667 1367 2712 et
1390 2656 1613 2711 Thesea

463 2742 577 2801 vidi
608 2761 622 2813 ;
1689 2781 1714 2810 a

253 2856 282 2885 κ
302 2821 615 2889 δρᾶῑεοεο.
640 2856 670 2881 n
692 2831 831 2904 Figit
852 2828 1067 2904 gelidus
1091 2829 1328 2884 Nereida
1347 2824 1546 2900 pallor.
1619 2882 1623 2891 ,

246 2920 354 2977 Ille
379 2920 594 2986 aderat,
623 2917 799 2973 multo
819 2916 1020 2973 sudore
1047 2927 1099 2970 et
1118 2914 1350 2990 pulvere
1379 2914 1577 2986 major.

250 3001 520 3064 Attameh
533 3022 685 3061 arma
703 3002 851 3062 inter
865 3039 885 3072 ‚
907 2999 1311 3073 festinatosque
1327 2996 1551 3054 labores
1563 3038 1580 3071 ,
