2079 3613
110 2955 137 2972 X

313 300 438 372 456
607 303 1000 357 sumnum
1020 335 1037 365 ‚
1090 301 1232 349 mn.
1282 300 1336 349 1.
1512 313 1548 354 ς»

308 403 621 465 Conciliata
633 400 804 466 redit;
827 398 1196 472 dubitataque
1216 395 1402 451 sidera
1424 395 1605 455 cernit

1511 291 1544 313 fl

307 486 577 546 Gallicus,
606 488 678 541 Es
704 483 840 542 coelo
862 523 880 552 ‚
906 481 1004 537 Dis
1017 499 1110 547 es»,
1129 479 1461 536 Germanice
1480 519 1498 549 ‚
1526 477 1685 536 cordi
1707 516 1727 547 ‚
1817 484 1823 488 “

238 562 253 584 '²
304 571 444 646 Quis
461 573 662 645 neget?
691 567 918 623 erubuit
934 578 1093 622 tanto
1112 563 1350 640 spoliare
1366 564 1626 620 ministro

304 656 611 733 Imperium
632 656 855 712 fortuna
879 663 1058 706 tuum.
1088 652 1209 707 Stat
1233 649 1488 725 proxima
1511 649 1704 706 cervix

303 740 570 798 Ponderis
591 738 877 804 immensi3
905 735 1283 809 damnosaque
1310 733 1402 790 fila
1427 747 1667 790 senectae

305 826 474 881 Exuit
492 866 508 894 ‚
539 837 705 900 atque
722 821 862 893 alios
886 819 1087 876 melior
1115 818 1401 881 revirescit
1424 817 1483 873 in
1501 837 1706 884 annos.

303 911 449 985 Ergo
469 909 701 978 alacres,
728 925 853 983 quae
868 905 1023 982 signa
1046 901 1244 959 colunt
1264 904 1496 970 urbana,
1512 902 1800 972 cohortes,

303 997 485 1069 Inque
511 996 696 1050 sinum
719 1011 842 1068 quae
861 1009 1009 1068 saepe
1034 1002 1192 1046 tuum
1209 990 1334 1046 sora
1360 985 1587 1044 turbida

528 1091 784 1154 questum

303 1163 645 1237 Confugiunt
659 1161 813 1237 leges
826 1201 844 1231 ‚
873 1156 1498 1235 urbesque-ubicunque
1523 1167 1724 1231 togatae
1736 1195 1755 1226 ,

302 1250 440 1317 Quae
466 1259 559 1301 tua
583 1244 902 1320 longinquis
917 1241 1223 1319 implorant
1242 1240 1368 1314 jura
1393 1237 1635 1316 querelis
1652 1281 1667 1309 ,

236 1393 245 1400 ,
302 1331 526 1386 Certent
539 1329 728 1385 laetitia
750 1340 1090 1402 :nosterque
1109 1345 1182 1381 ex
1210 1323 1404 1382 ordine
1429 1324 1586 1381 collis
1623 1362 1626 1367 -

300 1409 631 1473 Confremat
648 1454 664 1482 ‚
688 1424 744 1468 et
762 1412 961 1467 sileant
979 1409 1186 1485 pe1oris
1210 1429 1495 1467 murmura
1522 1412 1697 1466 famae.

302 1494 526 1572 Quippe
548 1506 772 1565 manet,
796 1478 1140 1581 longumque
1168 1513 1293 1552 aevo·
1307 1493 1587 1553 redeunte
1644 1553 1646 1555 ,

510 1579 751 1636 manebit
767 1619 786 1650 ‚
1193 1640 1194 1645 ,

300 1668 478 1735 Quem
497 1684 673 1741 penes
691 1663 985 1742 intrepidae
1005 1663 1156 1723 mitis
1176 1663 1428 1723 custodia
1446 1666 1658 1723 Romae.

303 1749 425 1806 Nec
443 1761 654 1804 tantum
671 1748 958 1809 induerint
974 1749 1107 1810 fatis
1121 1769 1266 1810 nova
1281 1750 1482 1808 saecula
1498 1751 1711 1810 crimen
1729 1792 1754 1824 ,

301 1836 418 1891 Aut
443 1837 736 1893 instaurati
761 1836 1079 1911 peccaverit
1106 1853 1202 1891 ara
1221 1836 1475 1897 Tarenti.

303 1922 408 1978 Ast
431 1942 532 2000 ego
554 1942 671 1979 non
688 1920 954 1980 Phoebum
974 1961 990 1991 ,
1018 1918 1376 1997 (quanquam
1403 1921 1542 1980 mihi
1566 1921 1734 1980 surda

381 2013 385 2016 '
504 2008 632 2074 sine
652 2006 751 2064 illo

302 2093 516 2150 Plectra
532 2096 592 2165 ‚)
621 2112 724 2149 nec
743 2094 954 2153 Aonias
974 2091 1194 2150 decima
1209 2111 1338 2149 cum
1354 2092 1576 2154 Pallade
1600 2092 1792 2165 Divos,
1825 2091 1838 2101 '

301 2180 420 2234 Aut
439 2177 631 2233 mitem
641 2179 868 2253 Tegeae,
896 2177 1166 2234 Dircesve
1186 2176 1453 2235 hortabor
1470 2177 1753 2235 alumnum
1775 2196 1794 2249 ;

302 2262 437 2336 Ipse
455 2259 587 2319 veni
600 2301 617 2328 ‚
638 2260 894 2336 viresque
915 2281 1116 2332 novas,
1138 2262 1493 2338 animumque
1512 2262 1787 2336 ministra,

300 2345 413 2418 Qui
436 2344 650 2404 canei-is
676 2367 688 2399 ε
712 2345 911 2403 dextro
931 2368 1037 2404 nec
1064 2347 1215 2404 enim
1234 2347 1353 2408 sine
1370 2344 1595 2408 numine
1611 2386 1629 2417 ‚

352 2427 355 2430 ’
519 2441 708 2486 tantus
932 2443 941 2450 ‘

300 2513 560 2587 ,Qusoniae
580 2514 783 2571 decora
811 2518 998 2592 ampla
1024 2530 1169 2595 togae
1186 2559 1202 2587 ‚
1232 2516 1565 2595 centumque
1590 2516 1793 2576 dedisti

297 2599 334 2654 J
340 2597 585 2654 udicium
609 2612 962 2676 mentemque
990 2601 1143 2661 viris.
1172 2602 1332 2659 Licet
1360 2603 1561 2659 enthea
1577 2602 1719 2661 vatis

297 2681 572 2741 Excludat
589 2684 835 2761 Pimplea
860 2685 1004 2744 sitim
1024 2730 1042 2754 ,
1064 2689 1411 2754 necconscia
1432 2688 1599 2745 detur

296 2768 500 2823 Pirene
528 2787 542 2823 τ
568 2770 751 2850 largos
767 2770 954 2845 potior
975 2770 1110 2827 mihi
1129 2773 1406 2846 gurges'in
1421 2772 1683 2839 haustus,

294 2849 408 2922 Qui
433 2852 651 2928 rapitur
672 2852 742 2909 de
765 2855 922 2912 fonte
950 2867 1048 2912 tuo
1067 2874 1081 2910 ε
1100 2875 1198 2912 seu
1222 2855 1392 2931 plana
1419 2857 1612 2913 solutis

301 2939 428 3008 Qua
452 2937 616 2994 struis
634 2959 758 3012 orsa
776 2939 959 2999 modis
975 2980 994 3012 ‚
1014 2958 1114 2997 seu
1132 2961 1246 3017 qua
1263 2940 1364 2998 tibi
1385 2939 1569 3001 dulcis
1589 2942 1647 2999 in

525 3035 703 3087 artem
