2079 3613
400 249 425 255 ¹
552 226 659 308 5⁰7
752 230 1188 291 Tnssnflnos,
1241 230 1384 277 mn.
1433 229 1573 278 x11.
1716 211 1843 295 373

351 328 480 384 Huc
503 329 640 385 victi
660 329 817 385 bellis
836 367 853 398 ,
883 329 1176 402 patriaque
1207 345 1237 380 e
1259 323 1392 385 sede
1417 321 1622 398 fugati,

349 417 499 489 Regn
507 414 995 490 orumqueainopes
1010 454 1026 484 ,
1049 409 1438 485 scelerumque
1455 426 1642 463 errore

572 513 837 555 nocentes

356 584 749 652 Conveniunt,
766 602 1080 661 pacemque
1099 591 1318 657 rogant.
1335 579 1468 634 Mox
1484 572 1711 650 hospita

557 671 717 726 sedes
962 693 968 711 ·

289 753 310 774 '
352 755 505 812 Vicit
526 767 584 810 et
609 754 926 833 OEdipodae
945 754 1118 809 furias
1139 793 1155 821 ‚
1189 763 1247 805 et
1272 749 1436 804 funus
1453 739 1695 824 Olynthi

350 843 521 898 Texit
540 882 558 912 ‚
585 856 638 898 et
667 864 697 898 a
727 842 928 897 misero
954 851 1191 895 matrem
1220 832 1517 892 summovit
1543 830 1761 886 Oreste.

423 928 612 995 Hunc,
642 926 811 1001 vulgo
838 935 1214 993 monstrante,
1240 921 1447 989 locum,
1469 933 1664 973 manus
1691 908 1856 968 anxia

572 1015 772 1068 Lernae

353 1097 704 1168 Deveniunt‚
735 1096 885 1153 cedit
910 1094 1241 1150 miserorum
1261 1089 1430 1145 turba
1447 1088 1717 1165 priorum.

351 1184 466 1242 Vix
489 1183 564 1238 ibi
591 1183 798 1241 sedatis
821 1179 1155 1256 requierunt
1179 1189 1407 1254 pectora
1430 1173 1607 1240 curiS,

349 1271 479 1328 Ceu
500 1270 687 1348 patrio
703 1289 872 1345 super
892 1267 1003 1323 alta
1024 1285 1190 1339 grues
1215 1262 1494 1338 Aquilone
1509 1261 1713 1332 fugatae

289 1394 295 1403 ·
353 1359 498 1414 Cum
525 1358 718 1416 videre
739 1356 1002 1414 Pharons:
1031 1367 1173 1411 tunc
1194 1350 1396 1407 aethera
1414 1348 1579 1405 latius
1593 1343 1852 1422 implent,
1880 1366 1889 1373 ·

354 1447 515 1502 Tunc
531 1443 695 1501 hilari
708 1443 970 1519 clangore
987 1450 1203 1496 sonant.
1219 1440 1395 1495 Juvat
1418 1430 1556 1490 orbe
1582 1449 1783 1489 sereno

355 1531 774 1608 Contempsisse
792 1529 947 1586 nives
963 1569 980 1597 ‚
1011 1538 1069 1582 et
1088 1525 1298 1600 frigora
1324 1523 1541 1577 solvere
1558 1519 1708 1575 Nilo.

424 1618 667 1691 Jamque
687 1616 882 1671 domos
895 1612 1134 1689 patriaS,
1171 1606 1455 1686 Scythicas
1472 1615 1602 1681 post
1622 1620 1825 1680 aspera

571 1701 754 1775 gentis

354 1785 543 1845 Praelia
562 1828 577 1855 ,
605 1784 886 1860 laurigero
910 1782 1246 1841 subeuntem
1274 1778 1496 1833 Thesea
1523 1794 1691 1831 curru

354 1871 594 1930 Laetifici
619 1871 849 1946 plausus
865 1911 882 1939 ‚
905 1867 1206 1939 missusque
1226 1863 1295 1918 ad
1320 1862 1505 1917 sidera
1528 1858 1679 1933 vulgi

327 2011 333 2017 ,
355 1956 612 2026 Clamor,
642 1967 699 2010 et
717 1951 965 2009 emeritis
984 1948 1176 2005 hilaris
1192 1948 1324 2003 tuba
1340 1945 1567 2001 nuntiat
1582 1942 1769 1998 armiS.
1811 2015 1814 2018 y

356 2044 507 2098 Ante
533 2041 735 2097 ducem
764 2038 965 2115 spolia,
997 2048 1054 2091 et
1081 2034 1204 2090 duri
1230 2033 1431 2090 Martis
1457 2029 1674 2104 imago:

354 2125 614 2202 Virginei
632 2142 831 2183 currus
850 2165 865 2193 ‚
891 2120 1289 2195 cumulataque
1311 2116 1520 2174 fercula
1545 2112 1750 2181 cristi3‚

353 2215 426 2269 Et
452 2211 634 2268 tristes
658 2210 946 2266 ducuntur
965 2205 1125 2283 equi,
1156 2218 1472 2278 truncaeque
1500 2201 1776 2276 bipennes

355 2298 496 2373 Quis
520 2316 747 2353 nemora
766 2337 783 2366 ‚
814 2306 871 2350 et
900 2292 1137 2348 solidam
1164 2290 1425 2348 Maeotida
1450 2289 1667 2345 caedere

573 2394 741 2438 suetae
770 2400 786 2451 ;

359 2466 657 2542 Coritique
677 2463 1147 2539 levesportantur
1164 2502 1183 2532 .,
1212 2472 1268 2517 et
1294 2460 1453 2537 ignea
1483 2454 1715 2535 gemmis

362 2551 597 2629 Cingula
617 2591 635 2621 ,
661 2564 716 2605 et
736 2550 1005 2607 informes
1031 2546 1381 2603 dominarum
1409 2543 1679 2621 sanguine

572 2636 757 2713 peltae.

357 2725 507 2801 Ipsae
536 2736 726 2780 autem
751 2720 1002 2777 nondum
1027 2716 1261 2796 trepidae
1278 2759 1292 2786 ‚
1321 2735 1591 2780 sexumve

576 2809 824 2865 fatentur
845 2849 862 2877 ‚

356 2898 476 2954 Nec
496 2895 729 2972 vulgare
753 2904 985 2971 gemunt
1005 2934 1021 2961 ‚
1045 2901 1540 2967 aspemanturque
1565 2885 1785 2963 precari
1803 2929 1821 2958 .‚

358 2981 428 3038 Et
450 2992 665 3039 tantum
685 2980 933 3059 innuptae
953 2990 1211 3055 quaerunt
1231 2975 1465 3035 delubra
1491 2974 1784 3036 Minervae.
