2079 3613
240 241 333 300 36
602 213 1044 284 THEBAIDOS,
1095 205 1240 254 mn.
1292 200 1376 246 11.
1486 193 1586 265 ¹98

252 342 644 411 Consurgunt:
688 322 854 383 dictis
884 304 1188 387 impensius
1221 304 1446 373 aggerat
1480 306 1644 344 omne

251 421 592 484 Promissum
615 408 879 472 Inachius
903 408 1097 476 pater3
1126 385 1441 457 auxilioque
1469 379 1751 439 futurum,

256 516 329 569 Et
352 506 548 588 patriis
576 495 820 577 spondet
848 484 1083 542 reduces
1121 474 1386 532 inducere
1415 462 1622 538 regnis,

335 599 483 671 Ergo
515 588 726 645 alacres
752 569 921 646 Argi,
950 569 1072 624 fuso
1097 574 1319 617 rumore
1352 568 1457 626 per
1484 547 1681 601 urbem

263 679 564 743 Advenisse
592 662 725 722 duci
756 671 1018 736 geum-05,
1047 643 1353 725 primisque
1383 624 1692 709 hymenaeis

453 761 465 773 ⁹
698 747 709 759 ‘
982 739 1173 793 formae
1196 724 1365 784 laude
1395 716 1700 775 secundam

274 1016 665 1088 Finitimisque
689 1004 926 1080 agitatur
945 992 1111 1069 agris,
1127 977 1333 1063 procul
1352 992 1524 1048 usque
1543 972 1630 1044 Ly
1639 972 1779 1022 caeos

275 1099 714 1170 Partheniosque
742 1098 913 1160 super
939 1077 1133 1139 saltus,
1159 1065 1542 1143 Ephyraeaque
1571 1070 1702 1107 rura
1726 1065 1742 1116 3

275 1197 398 1252 Nec
424 1186 607 1244 minus
629 1170 874 1252 Ogygias
898 1161 1099 1221 eadem
1121 1157 1240 1210 Dea
1268 1144 1489 1204 turbida
1516 1135 1735 1193 Thebas

279 1276 482 1344 insilit,
514 1282 568 1327 et
596 1262 725 1322 totis
749 1245 1044 1334 perfundit
1068 1236 1270 1298 moenia
1298 1228 1525 1307 pennis,

284 1356 736 1426 Labdaciumque
763 1343 991 1399 ducem,
1014 1323 1304 1405 praemissae
1328 1329 1568 1372 consona
1593 1299 1749 1360 nocti
1770 1339 1786 1367 ,

284 1446 569 1515 Territa,
596 1429 841 1511 hospitia
864 1435 920 1479 et
944 1414 1219 1474 thalamos
1236 1450 1251 1478 .,
1281 1418 1339 1460 et
1366 1396 1575 1471 foedera
1603 1384 1787 1463 regni,

289 1531 739 1615 Perrnixtumque
781 1526 954 1591 genus
989 1523 1002 1558 ε
1061 1498 1241 1576 (Quae
1283 1499 1442 1547 tanta
1483 1473 1711 1536 licentia

448 1624 698 1675 monstro
720 1609 743 1660 2

299 1709 438 1789 Quis
457 1707 608 1763 suror
627 1705 711 1752 est
725 1689 776 1760 Ῡ)
795 1691 908 1764 jam
922 1680 1071 1738 bella
1093 1672 1263 1743 canit.
1283 1655 1601 1721 Diffuderat
1616 1650 1799 1723 Argos

297 1801 642 1874 Exspectata
667 1781 788 1837 dies
816 1798 828 1831 ε
854 1775 979 1831 laeto
1006 1761 1209 1841 regalia
1235 1766 1381 1813 coetu

300 1883 466 1947 Atria
493 1870 871 1952 complentur3
901 1854 1115 1934 species
1143 1859 1228 1904 est
1255 1855 1484 1898 cernere
1513 1839 1747 1887 avorum

303 1967 603 2030 Gonnum,
634 1969 690 2011 et
714 1950 854 2010 vivis
884 1936 1158 2001 certantia
1182 1927 1427 1989 vultibus
1454 1936 1580 1973 aera.

290 2060 551 2115 *Tantum
577 2060 720 2101 ausae
737 2033 981 2114 perferre
998 2038 1217 2082 manus,
1238 2017 1406 2078 Pater
1425 2005 1549 2077 ipse
1563 1989 1808 2052 bicornis

302 2145 379 2201 In
400 2138 599 2214 laevum
624 2143 800 2205 prona
827 2117 987 2176 nixus
1017 2108 1175 2168 sedet
1203 2093 1455 2156 Inachus
1480 2103 1642 2141 urna.
1699 2115 1710 2128 .

307 2231 480 2287 Hunc
524 2214 659 2291 tegit
705 2207 989 2280 Iasiusque
1042 2208 1215 2254 senex
1243 2225 1259 2253 ‚
1315 2170 1675 2255 placidusque

462 2306 788 2364 Phoroneus
809 2336 827 2365 .,

311 2574 611 2639 Torvaque
636 2561 750 2635 jam
772 2541 954 2606 Danai
977 2530 1195 2594 facinus
1220 2517 1536 2580 meditantis
1561 2513 1776 2586 imag03

305 2655 452 2715 Exin
476 2651 630 2707 mille
665 2641 858 2696 duces.
880 2619 1117 2681 Foribus
1144 2634 1271 2671 cum
1293 2605 1541 2663 immissa
1566 2593 1821 2673 superbis

1160 2719 1257 2756 um
1290 2707 1494 2749 manus*
1525 2681 1735 2750 omnis4
1776 2685 1828 2748 et

313 2740 484 2799 Unda
516 2728 706 2791 fremit
743 2711 926 2788 vulgi,
954 2722 1157 2787 procer

476 2822 589 2878 alto
1183 2825 1188 2830 ι

316 2898 485 2983 IQuis
501 2898 735 2981 propior
759 2889 796 2942 d

352 2994 572 3058 nterior
592 2978 760 3042 sacris
789 2992 819 3029 c
951 3007 966 3046 7
