<?xml version="1.0" encoding="UTF-8"?>
<!DOCTYPE html PUBLIC "-//W3C//DTD XHTML 1.0 Transitional//EN"
    "http://www.w3.org/TR/xhtml1/DTD/xhtml1-transitional.dtd">
<html xmlns="http://www.w3.org/1999/xhtml" xml:lang="en" lang="en">
 <head>
  <title>
</title>
<meta http-equiv="Content-Type" content="text/html;charset=utf-8" />
  <meta name='ocr-system' content='tesseract 3.04.00' />
  <meta name='ocr-capabilities' content='ocr_page ocr_carea ocr_par ocr_line ocrx_word'/>
</head>
<body>
  <div class='ocr_page' id='page_1' title='image "./operaadoptimeed00statgoog/operaadoptimeed00statgoog_0160.png"; bbox 0 0 2079 3613; ppageno 0'>
   <div class='ocr_carea' id='block_1_1' title="bbox 244 227 1648 417">
    <p class='ocr_par' dir='ltr' id='par_1_1' title="bbox 244 227 1648 417">
     <span class='ocr_line' id='line_1_1' title="bbox 244 227 1521 307; baseline -0.01 -9"><span class='ocrx_word' id='word_1_1' title='bbox 244 237 366 307; x_wconf 74' lang='lat'>134</span> <span class='ocrx_word' id='word_1_2' title='bbox 551 235 989 300; x_wconf 71' lang='grc' dir='ltr'><strong>ΤΗΕΒΑῙῡοε,</strong></span> <span class='ocrx_word' id='word_1_3' title='bbox 1039 233 1187 283; x_wconf 78' lang='lat' dir='ltr'>Lm.</span> <span class='ocrx_word' id='word_1_4' title='bbox 1238 231 1314 281; x_wconf 75' lang='lat' dir='ltr'>v·</span> <span class='ocrx_word' id='word_1_5' title='bbox 1402 227 1521 305; x_wconf 71' lang='lat'>&#39;49⁰</span> 
     </span>
     <span class='ocr_line' id='line_1_2' title="bbox 310 328 1648 417; baseline -0.013 -17"><span class='ocrx_word' id='word_1_6' title='bbox 310 341 513 417; x_wconf 65' lang='lat' dir='ltr'>«Quin</span> <span class='ocrx_word' id='word_1_7' title='bbox 544 339 712 397; x_wconf 85' lang='lat' dir='ltr'>etiam</span> <span class='ocrx_word' id='word_1_8' title='bbox 749 332 981 393; x_wconf 81' lang='lat' dir='ltr'>occultae</span> <span class='ocrx_word' id='word_1_9' title='bbox 1015 331 1186 408; x_wconf 84' lang='lat' dir='ltr'>vulgo</span> <span class='ocrx_word' id='word_1_10' title='bbox 1222 328 1648 387; x_wconf 82' lang='lat' dir='ltr'>increbrescere</span> 
     </span>
    </p>
   </div>
   <div class='ocr_carea' id='block_1_2' title="bbox 239 451 1642 579">
    <p class='ocr_par' dir='ltr' id='par_1_2' title="bbox 239 451 1642 579">
     <span class='ocr_line' id='line_1_3' title="bbox 447 451 652 493; baseline -0.029 0"><span class='ocrx_word' id='word_1_11' title='bbox 447 451 617 493; x_wconf 83' lang='lat' dir='ltr'>voces</span> <span class='ocrx_word' id='word_1_12' title='bbox 639 451 652 487; x_wconf 71' lang='grc' dir='ltr'><strong><em>ε</em></strong></span> 
     </span>
     <span class='ocr_line' id='line_1_4' title="bbox 239 508 1642 579; baseline -0.012 1"><span class='ocrx_word' id='word_1_13' title='bbox 239 547 269 579; x_wconf 81' lang='grc' dir='ltr'>α</span> <span class='ocrx_word' id='word_1_14' title='bbox 288 523 484 579; x_wconf 90' lang='lat' dir='ltr'>Solane</span> <span class='ocrx_word' id='word_1_15' title='bbox 510 519 620 577; x_wconf 87' lang='lat' dir='ltr'>fida</span> <span class='ocrx_word' id='word_1_16' title='bbox 638 514 796 574; x_wconf 78' lang='lat' dir='ltr'>suis?</span> <span class='ocrx_word' id='word_1_17' title='bbox 816 534 920 572; x_wconf 90' lang='lat' dir='ltr'>nos</span> <span class='ocrx_word' id='word_1_18' title='bbox 947 524 1136 570; x_wconf 89' lang='lat' dir='ltr'>autem</span> <span class='ocrx_word' id='word_1_19' title='bbox 1162 512 1221 568; x_wconf 91' lang='lat' dir='ltr'>in</span> <span class='ocrx_word' id='word_1_20' title='bbox 1247 511 1447 568; x_wconf 80' lang='lat' dir='ltr'>funera</span> <span class='ocrx_word' id='word_1_21' title='bbox 1470 508 1642 565; x_wconf 65' lang='lat' dir='ltr'>laetae&#39;ss</span> 
     </span>
    </p>
   </div>
   <div class='ocr_carea' id='block_1_3' title="bbox 136 593 1730 3056">
    <p class='ocr_par' dir='ltr' id='par_1_3' title="bbox 136 593 1730 3056">
     <span class='ocr_line' id='line_1_5' title="bbox 234 593 1730 677; baseline -0.009 -12"><span class='ocrx_word' id='word_1_22' title='bbox 234 634 263 665; x_wconf 78' lang='grc' dir='ltr'><strong>α</strong></span> <span class='ocrx_word' id='word_1_23' title='bbox 281 613 406 667; x_wconf 91' lang='lat' dir='ltr'>Non</span> <span class='ocrx_word' id='word_1_24' title='bbox 431 610 579 664; x_wconf 92' lang='lat' dir='ltr'>Deus</span> <span class='ocrx_word' id='word_1_25' title='bbox 606 605 727 661; x_wconf 86' lang='lat' dir='ltr'>haec</span> <span class='ocrx_word' id='word_1_26' title='bbox 745 644 760 674; x_wconf 89' lang='lat'>‚</span> <span class='ocrx_word' id='word_1_27' title='bbox 790 603 1078 677; x_wconf 81' lang='lat' dir='ltr'>fatumque</span> <span class='ocrx_word' id='word_1_28' title='bbox 1102 643 1116 669; x_wconf 90' lang='lat'>,</span> <span class='ocrx_word' id='word_1_29' title='bbox 1139 597 1292 675; x_wconf 89' lang='lat' dir='ltr'>quod</span> <span class='ocrx_word' id='word_1_30' title='bbox 1319 597 1562 676; x_wconf 85' lang='lat' dir='ltr'>imperat</span> <span class='ocrx_word' id='word_1_31' title='bbox 1592 593 1730 652; x_wconf 86' lang='lat' dir='ltr'>urbe</span> 
     </span>
     <span class='ocr_line' id='line_1_6' title="bbox 445 688 1608 747; baseline -0.003 0"><span class='ocrx_word' id='word_1_32' title='bbox 445 688 709 747; x_wconf 85' lang='lat' dir='ltr'>nefanda.</span> <span class='ocrx_word' id='word_1_33' title='bbox 1607 713 1608 716; x_wconf 41' lang='lat'>¹</span> 
     </span>
     <span class='ocr_line' id='line_1_7' title="bbox 217 764 1730 848; baseline -0.007 -16"><span class='ocrx_word' id='word_1_34' title='bbox 217 764 222 770; x_wconf 57' lang='grc'><strong>’</strong></span> <span class='ocrx_word' id='word_1_35' title='bbox 301 801 330 831; x_wconf 74' lang='grc' dir='ltr'><strong>α</strong></span> <span class='ocrx_word' id='word_1_36' title='bbox 351 773 590 833; x_wconf 86' lang='lat' dir='ltr'><strong>Talibus</strong></span> <span class='ocrx_word' id='word_1_37' title='bbox 610 772 877 829; x_wconf 83' lang='lat' dir='ltr'>exanimis</span> <span class='ocrx_word' id='word_1_38' title='bbox 898 770 1060 827; x_wconf 86' lang='lat' dir='ltr'>dictis</span> <span class='ocrx_word' id='word_1_39' title='bbox 1090 767 1181 848; x_wconf 90' lang='lat' dir='ltr'>(et</span> <span class='ocrx_word' id='word_1_40' title='bbox 1199 770 1357 826; x_wconf 88' lang='lat' dir='ltr'>triste</span> <span class='ocrx_word' id='word_1_41' title='bbox 1377 767 1730 844; x_wconf 85' lang='lat' dir='ltr'>propinquat</span> 
     </span>
     <span class='ocr_line' id='line_1_8' title="bbox 231 851 1639 938; baseline -0.005 -23"><span class='ocrx_word' id='word_1_42' title='bbox 231 884 260 915; x_wconf 86' lang='lat'>«</span> <span class='ocrx_word' id='word_1_43' title='bbox 281 857 633 938; x_wconf 87' lang='lat' dir='ltr'>Supplicium</span> <span class='ocrx_word' id='word_1_44' title='bbox 652 898 669 929; x_wconf 88' lang='lat'>,</span> <span class='ocrx_word' id='word_1_45' title='bbox 693 877 800 916; x_wconf 87' lang='lat' dir='ltr'>nec</span> <span class='ocrx_word' id='word_1_46' title='bbox 824 877 994 933; x_wconf 84' lang='lat' dir='ltr'>regna</span> <span class='ocrx_word' id='word_1_47' title='bbox 1022 855 1259 932; x_wconf 83' lang='lat' dir='ltr'>juvant)</span> <span class='ocrx_word' id='word_1_48' title='bbox 1281 874 1425 931; x_wconf 83' lang='lat' dir='ltr'>vaga</span> <span class='ocrx_word' id='word_1_49' title='bbox 1448 851 1639 910; x_wconf 78' lang='lat' dir='ltr'>littora</span> 
     </span>
     <span class='ocr_line' id='line_1_9' title="bbox 446 946 742 1025; baseline -0.007 -24"><span class='ocrx_word' id='word_1_50' title='bbox 446 946 598 1001; x_wconf 82' lang='lat' dir='ltr'>furto</span> <span class='ocrx_word' id='word_1_51' title='bbox 729 1015 742 1025; x_wconf 44' lang='lat'><strong>·</strong></span> 
     </span>
     <span class='ocr_line' id='line_1_10' title="bbox 228 1025 1724 1104; baseline -0.003 -20"><span class='ocrx_word' id='word_1_52' title='bbox 228 1052 258 1084; x_wconf 75' lang='grc' dir='ltr'>ε(</span> <span class='ocrx_word' id='word_1_53' title='bbox 278 1028 611 1086; x_wconf 88' lang='lat' dir='ltr'>Incomitata</span> <span class='ocrx_word' id='word_1_54' title='bbox 638 1046 868 1104; x_wconf 87' lang='lat' dir='ltr'>sequor,</span> <span class='ocrx_word' id='word_1_55' title='bbox 897 1027 1237 1102; x_wconf 84' lang='lat' dir='ltr'>funestaque</span> <span class='ocrx_word' id='word_1_56' title='bbox 1254 1026 1464 1082; x_wconf 83' lang='lat' dir='ltr'>moenia</span> <span class='ocrx_word' id='word_1_57' title='bbox 1483 1025 1685 1102; x_wconf 90' lang='lat' dir='ltr'>linquo</span> <span class='ocrx_word' id='word_1_58' title='bbox 1707 1067 1724 1097; x_wconf 85' lang='lat'>‚</span> 
     </span>
     <span class='ocr_line' id='line_1_11' title="bbox 226 1109 1674 1191; baseline 0 -23"><span class='ocrx_word' id='word_1_59' title='bbox 226 1137 257 1168; x_wconf 73' lang='grc' dir='ltr'><strong><em>κ</em></strong></span> <span class='ocrx_word' id='word_1_60' title='bbox 276 1118 398 1188; x_wconf 89' lang='lat' dir='ltr'>Qua</span> <span class='ocrx_word' id='word_1_61' title='bbox 419 1116 548 1191; x_wconf 83' lang='lat' dir='ltr'>fuga</span> <span class='ocrx_word' id='word_1_62' title='bbox 573 1126 706 1171; x_wconf 91' lang='lat' dir='ltr'>nota</span> <span class='ocrx_word' id='word_1_63' title='bbox 730 1111 909 1190; x_wconf 83' lang='lat' dir='ltr'>patris</span> <span class='ocrx_word' id='word_1_64' title='bbox 923 1133 942 1181; x_wconf 67' lang='grc' dir='ltr'><strong><em>ς</em></strong></span> <span class='ocrx_word' id='word_1_65' title='bbox 970 1110 1071 1167; x_wconf 90' lang='lat' dir='ltr'>sed</span> <span class='ocrx_word' id='word_1_66' title='bbox 1096 1130 1212 1168; x_wconf 92' lang='lat' dir='ltr'>non</span> <span class='ocrx_word' id='word_1_67' title='bbox 1237 1109 1443 1166; x_wconf 88' lang='lat' dir='ltr'>iterum</span> <span class='ocrx_word' id='word_1_68' title='bbox 1469 1109 1674 1169; x_wconf 88' lang='lat' dir='ltr'>obvius</span> 
     </span>
     <span class='ocr_line' id='line_1_12' title="bbox 430 1201 769 1275; baseline -0.006 -20"><span class='ocrx_word' id='word_1_69' title='bbox 430 1201 588 1257; x_wconf 88' lang='lat' dir='ltr'>Evan</span> <span class='ocrx_word' id='word_1_70' title='bbox 610 1217 625 1253; x_wconf 80' lang='lat' dir='ltr'>z</span> <span class='ocrx_word' id='word_1_71' title='bbox 765 1271 769 1275; x_wconf 15' lang='grc' dir='ltr'><strong><em>ἵ</em></strong></span> 
     </span>
     <span class='ocr_line' id='line_1_13' title="bbox 227 1279 1518 1359; baseline -0.001 -22"><span class='ocrx_word' id='word_1_72' title='bbox 227 1307 257 1337; x_wconf 88' lang='lat'>«</span> <span class='ocrx_word' id='word_1_73' title='bbox 277 1284 422 1341; x_wconf 81' lang='lat' dir='ltr'>Nam</span> <span class='ocrx_word' id='word_1_74' title='bbox 447 1303 538 1339; x_wconf 89' lang='lat' dir='ltr'>me</span> <span class='ocrx_word' id='word_1_75' title='bbox 563 1283 895 1359; x_wconf 84' lang='lat' dir='ltr'>praedonum</span> <span class='ocrx_word' id='word_1_76' title='bbox 918 1299 1116 1338; x_wconf 86' lang='lat' dir='ltr'>manus</span> <span class='ocrx_word' id='word_1_77' title='bbox 1135 1280 1252 1337; x_wconf 61' lang='lat' dir='ltr'>⁴huc</span> <span class='ocrx_word' id='word_1_78' title='bbox 1281 1279 1518 1359; x_wconf 79' lang='lat' dir='ltr'>appulsa</span> 
     </span>
     <span class='ocr_line' id='line_1_14' title="bbox 442 1380 726 1424; baseline -0.004 0"><span class='ocrx_word' id='word_1_79' title='bbox 442 1380 726 1424; x_wconf 77' lang='lat' dir='ltr'>tacentem</span> 
     </span>
     <span class='ocr_line' id='line_1_15' title="bbox 225 1449 1724 1529; baseline -0.003 -24"><span class='ocrx_word' id='word_1_80' title='bbox 225 1475 256 1506; x_wconf 74' lang='grc' dir='ltr'>ι(</span> <span class='ocrx_word' id='word_1_81' title='bbox 274 1452 511 1529; x_wconf 81' lang='lat' dir='ltr'>Arripit,</span> <span class='ocrx_word' id='word_1_82' title='bbox 527 1464 584 1509; x_wconf 91' lang='lat' dir='ltr'>et</span> <span class='ocrx_word' id='word_1_83' title='bbox 603 1464 819 1526; x_wconf 74' lang='lat' dir='ltr'>vestras</span> <span class='ocrx_word' id='word_1_84' title='bbox 833 1449 1097 1510; x_wconf 82' lang='lat' dir='ltr'>famulam</span> <span class='ocrx_word' id='word_1_85' title='bbox 1115 1450 1444 1509; x_wconf 82' lang='lat' dir='ltr'>transmittit</span> <span class='ocrx_word' id='word_1_86' title='bbox 1464 1450 1524 1508; x_wconf 89' lang='lat' dir='ltr'>in</span> <span class='ocrx_word' id='word_1_87' title='bbox 1545 1467 1724 1506; x_wconf 74' lang='lat' dir='ltr'>oras.»</span> 
     </span>
     <span class='ocr_line' id='line_1_16' title="bbox 289 1534 1517 1612; baseline -0.001 -19"><span class='ocrx_word' id='word_1_88' title='bbox 289 1536 449 1593; x_wconf 86' lang='lat' dir='ltr'>Talia</span> <span class='ocrx_word' id='word_1_89' title='bbox 473 1537 721 1593; x_wconf 80' lang='lat' dir='ltr'>Lernaeis</span> <span class='ocrx_word' id='word_1_90' title='bbox 747 1537 914 1593; x_wconf 88' lang='lat' dir='ltr'>iterat</span> <span class='ocrx_word' id='word_1_91' title='bbox 945 1535 1079 1594; x_wconf 90' lang='lat' dir='ltr'>dum</span> <span class='ocrx_word' id='word_1_92' title='bbox 1107 1536 1331 1612; x_wconf 85' lang='lat' dir='ltr'>regibus</span> <span class='ocrx_word' id='word_1_93' title='bbox 1358 1534 1517 1592; x_wconf 84' lang='lat' dir='ltr'>exsul</span> 
     </span>
     <span class='ocr_line' id='line_1_17' title="bbox 215 1620 1551 1698; baseline -0.002 -20"><span class='ocrx_word' id='word_1_94' title='bbox 215 1622 508 1692; x_wconf 80' lang='lat' dir='ltr'>LemniaS‚</span> <span class='ocrx_word' id='word_1_95' title='bbox 539 1633 593 1678; x_wconf 84' lang='lat' dir='ltr'>et</span> <span class='ocrx_word' id='word_1_96' title='bbox 616 1621 780 1698; x_wconf 86' lang='lat' dir='ltr'>longa</span> <span class='ocrx_word' id='word_1_97' title='bbox 811 1622 1023 1679; x_wconf 87' lang='lat' dir='ltr'>solatur</span> <span class='ocrx_word' id='word_1_98' title='bbox 1050 1621 1254 1677; x_wconf 88' lang='lat' dir='ltr'>damna</span> <span class='ocrx_word' id='word_1_99' title='bbox 1280 1620 1509 1697; x_wconf 88' lang='lat' dir='ltr'>querela</span> <span class='ocrx_word' id='word_1_100' title='bbox 1531 1661 1551 1690; x_wconf 91' lang='lat'>,</span> 
     </span>
     <span class='ocr_line' id='line_1_18' title="bbox 214 1704 1609 1786; baseline -0.001 -24"><span class='ocrx_word' id='word_1_101' title='bbox 214 1708 524 1762; x_wconf 86' lang='lat' dir='ltr'>Immemor</span> <span class='ocrx_word' id='word_1_102' title='bbox 547 1705 788 1763; x_wconf 85' lang='lat' dir='ltr'>absentis</span> <span class='ocrx_word' id='word_1_103' title='bbox 822 1704 933 1786; x_wconf 91' lang='lat' dir='ltr'>(sic</span> <span class='ocrx_word' id='word_1_104' title='bbox 958 1706 1030 1762; x_wconf 79' lang='lat' dir='ltr'>Di</span> <span class='ocrx_word' id='word_1_105' title='bbox 1056 1705 1340 1785; x_wconf 85' lang='lat' dir='ltr'>suasistis)</span> <span class='ocrx_word' id='word_1_106' title='bbox 1367 1706 1609 1775; x_wconf 81' lang='lat' dir='ltr'>alumni,</span> 
     </span>
     <span class='ocr_line' id='line_1_19' title="bbox 212 1787 1645 1869; baseline -0.001 -22"><span class='ocrx_word' id='word_1_107' title='bbox 212 1787 318 1847; x_wconf 92' lang='lat' dir='ltr'>Ille</span> <span class='ocrx_word' id='word_1_108' title='bbox 338 1790 536 1867; x_wconf 85' lang='lat' dir='ltr'>graves</span> <span class='ocrx_word' id='word_1_109' title='bbox 559 1788 750 1848; x_wconf 85' lang='lat' dir='ltr'>oculos</span> <span class='ocrx_word' id='word_1_110' title='bbox 767 1833 783 1860; x_wconf 90' lang='lat'>,</span> <span class='ocrx_word' id='word_1_111' title='bbox 810 1790 1245 1869; x_wconf 87' lang='lat' dir='ltr'>languentiaque</span> <span class='ocrx_word' id='word_1_112' title='bbox 1274 1812 1370 1848; x_wconf 89' lang='lat' dir='ltr'>ora</span> <span class='ocrx_word' id='word_1_113' title='bbox 1395 1789 1645 1849; x_wconf 79' lang='lat' dir='ltr'>comanti</span> 
     </span>
     <span class='ocr_line' id='line_1_20' title="bbox 210 1874 1583 1953; baseline -0.001 -21"><span class='ocrx_word' id='word_1_114' title='bbox 210 1874 418 1951; x_wconf 88' lang='lat' dir='ltr'>Mergit</span> <span class='ocrx_word' id='word_1_115' title='bbox 443 1874 640 1945; x_wconf 81' lang='lat' dir='ltr'>hume,</span> <span class='ocrx_word' id='word_1_116' title='bbox 669 1878 959 1953; x_wconf 78' lang='lat' dir='ltr'>fessusque</span> <span class='ocrx_word' id='word_1_117' title='bbox 983 1875 1078 1933; x_wconf 83' lang='lat' dir='ltr'>diu</span> <span class='ocrx_word' id='word_1_118' title='bbox 1100 1876 1410 1952; x_wconf 87' lang='lat' dir='ltr'>puerilibus</span> <span class='ocrx_word' id='word_1_119' title='bbox 1443 1875 1583 1933; x_wconf 88' lang='lat' dir='ltr'>actis</span> 
     </span>
     <span class='ocr_line' id='line_1_21' title="bbox 205 1959 1712 2038; baseline 0.002 -24"><span class='ocrx_word' id='word_1_120' title='bbox 205 1959 432 2017; x_wconf 87' lang='lat' dir='ltr'>Labitur</span> <span class='ocrx_word' id='word_1_121' title='bbox 450 1960 507 2016; x_wconf 84' lang='lat' dir='ltr'>in</span> <span class='ocrx_word' id='word_1_122' title='bbox 529 1980 767 2031; x_wconf 88' lang='lat' dir='ltr'>somnos;</span> <span class='ocrx_word' id='word_1_123' title='bbox 787 1982 995 2038; x_wconf 82' lang='lat' dir='ltr'>prensa</span> <span class='ocrx_word' id='word_1_124' title='bbox 1015 1982 1214 2017; x_wconf 88' lang='lat' dir='ltr'>manus</span> <span class='ocrx_word' id='word_1_125' title='bbox 1235 1963 1407 2017; x_wconf 84' lang='lat' dir='ltr'>haeret</span> <span class='ocrx_word' id='word_1_126' title='bbox 1436 1960 1492 2015; x_wconf 91' lang='lat' dir='ltr'>in</span> <span class='ocrx_word' id='word_1_127' title='bbox 1513 1959 1712 2017; x_wconf 78' lang='lat' dir='ltr'>herba.</span> 
     </span>
     <span class='ocr_line' id='line_1_22' title="bbox 204 2045 1624 2123; baseline -0.001 -22"><span class='ocrx_word' id='word_1_128' title='bbox 204 2051 423 2103; x_wconf 88' lang='lat' dir='ltr'>Interea</span> <span class='ocrx_word' id='word_1_129' title='bbox 447 2046 688 2120; x_wconf 80' lang='lat' dir='ltr'>campiS‚</span> <span class='ocrx_word' id='word_1_130' title='bbox 715 2045 961 2102; x_wconf 81' lang='lat' dir='ltr'>nemoris</span> <span class='ocrx_word' id='word_1_131' title='bbox 985 2063 1142 2123; x_wconf 78' lang='lat' dir='ltr'>sacer</span> <span class='ocrx_word' id='word_1_132' title='bbox 1164 2045 1369 2101; x_wconf 88' lang='lat' dir='ltr'>horror</span> <span class='ocrx_word' id='word_1_133' title='bbox 1394 2046 1585 2101; x_wconf 82' lang='lat' dir='ltr'>Achaei</span> <span class='ocrx_word' id='word_1_134' title='bbox 1604 2090 1624 2115; x_wconf 89' lang='lat'><em>,</em></span> 
     </span>
     <span class='ocr_line' id='line_1_23' title="bbox 207 2130 1606 2206; baseline -0.001 -19"><span class='ocrx_word' id='word_1_135' title='bbox 207 2132 517 2206; x_wconf 85' lang='lat' dir='ltr'>Terrigena</span> <span class='ocrx_word' id='word_1_136' title='bbox 546 2130 779 2204; x_wconf 86' lang='lat' dir='ltr'>erigitur</span> <span class='ocrx_word' id='word_1_137' title='bbox 805 2149 1070 2204; x_wconf 86' lang='lat' dir='ltr'>serpens,</span> <span class='ocrx_word' id='word_1_138' title='bbox 1099 2140 1397 2204; x_wconf 86' lang='lat' dir='ltr'>tractuque</span> <span class='ocrx_word' id='word_1_139' title='bbox 1424 2130 1606 2186; x_wconf 84' lang='lat' dir='ltr'>soluto</span> 
     </span>
     <span class='ocr_line' id='line_1_24' title="bbox 206 2213 1647 2289; baseline 0.003 -21"><span class='ocrx_word' id='word_1_140' title='bbox 206 2215 524 2268; x_wconf 73' lang='lat' dir='ltr'>Immunem</span> <span class='ocrx_word' id='word_1_141' title='bbox 549 2232 666 2268; x_wconf 89' lang='lat' dir='ltr'>sese</span> <span class='ocrx_word' id='word_1_142' title='bbox 690 2213 847 2271; x_wconf 86' lang='lat' dir='ltr'>vehit</span> <span class='ocrx_word' id='word_1_143' title='bbox 869 2254 887 2283; x_wconf 89' lang='lat'>,</span> <span class='ocrx_word' id='word_1_144' title='bbox 916 2234 981 2270; x_wconf 81' lang='lat' dir='ltr'>ac</span> <span class='ocrx_word' id='word_1_145' title='bbox 1006 2225 1139 2289; x_wconf 85' lang='lat' dir='ltr'>post</span> <span class='ocrx_word' id='word_1_146' title='bbox 1163 2225 1322 2288; x_wconf 86' lang='lat' dir='ltr'>terga</span> <span class='ocrx_word' id='word_1_147' title='bbox 1347 2214 1647 2287; x_wconf 88' lang='lat' dir='ltr'>relinquit,</span> 
     </span>
     <span class='ocr_line' id='line_1_25' title="bbox 206 2296 1576 2355; baseline -0.003 -1"><span class='ocrx_word' id='word_1_148' title='bbox 206 2298 406 2355; x_wconf 85' lang='lat' dir='ltr'>Livida</span> <span class='ocrx_word' id='word_1_149' title='bbox 430 2298 526 2352; x_wconf 81' lang='lat' dir='ltr'>fax</span> <span class='ocrx_word' id='word_1_150' title='bbox 552 2296 725 2352; x_wconf 91' lang='lat' dir='ltr'>oculis</span> <span class='ocrx_word' id='word_1_151' title='bbox 751 2316 765 2352; x_wconf 90' lang='lat'>:</span> <span class='ocrx_word' id='word_1_152' title='bbox 794 2296 996 2351; x_wconf 86' lang='lat' dir='ltr'>tumidi</span> <span class='ocrx_word' id='word_1_153' title='bbox 1023 2308 1135 2352; x_wconf 88' lang='lat' dir='ltr'>stat</span> <span class='ocrx_word' id='word_1_154' title='bbox 1159 2296 1217 2351; x_wconf 88' lang='lat' dir='ltr'>in</span> <span class='ocrx_word' id='word_1_155' title='bbox 1242 2317 1340 2353; x_wconf 90' lang='lat' dir='ltr'>ore</span> <span class='ocrx_word' id='word_1_156' title='bbox 1365 2298 1576 2354; x_wconf 88' lang='lat' dir='ltr'>veneni</span> 
     </span>
     <span class='ocr_line' id='line_1_26' title="bbox 207 2380 1666 2459; baseline 0.001 -21"><span class='ocrx_word' id='word_1_157' title='bbox 207 2383 418 2459; x_wconf 88' lang='lat' dir='ltr'>Spuma</span> <span class='ocrx_word' id='word_1_158' title='bbox 443 2381 655 2451; x_wconf 79' lang='lat' dir='ltr'>viren5‚</span> <span class='ocrx_word' id='word_1_159' title='bbox 688 2396 772 2440; x_wconf 88' lang='lat' dir='ltr'>ter</span> <span class='ocrx_word' id='word_1_160' title='bbox 790 2381 981 2458; x_wconf 85' lang='lat' dir='ltr'>lingua</span> <span class='ocrx_word' id='word_1_161' title='bbox 1008 2380 1193 2441; x_wconf 85' lang='lat' dir='ltr'>vibrat</span> <span class='ocrx_word' id='word_1_162' title='bbox 1210 2425 1226 2456; x_wconf 81' lang='lat'>,</span> <span class='ocrx_word' id='word_1_163' title='bbox 1257 2395 1419 2440; x_wconf 87' lang='lat' dir='ltr'>terna</span> <span class='ocrx_word' id='word_1_164' title='bbox 1448 2383 1666 2459; x_wconf 85' lang='lat' dir='ltr'>agmina</span> 
     </span>
     <span class='ocr_line' id='line_1_27' title="bbox 437 2463 640 2520; baseline 0 -2"><span class='ocrx_word' id='word_1_165' title='bbox 437 2463 640 2520; x_wconf 82' lang='lat' dir='ltr'>adunci</span> 
     </span>
     <span class='ocr_line' id='line_1_28' title="bbox 201 2547 1452 2629; baseline 0.003 -24"><span class='ocrx_word' id='word_1_166' title='bbox 201 2547 402 2605; x_wconf 87' lang='lat' dir='ltr'>Dentis</span> <span class='ocrx_word' id='word_1_167' title='bbox 419 2592 433 2618; x_wconf 90' lang='lat'>,</span> <span class='ocrx_word' id='word_1_168' title='bbox 462 2560 518 2604; x_wconf 89' lang='lat' dir='ltr'>et</span> <span class='ocrx_word' id='word_1_169' title='bbox 545 2563 750 2607; x_wconf 87' lang='lat' dir='ltr'>auratae</span> <span class='ocrx_word' id='word_1_170' title='bbox 780 2551 1022 2609; x_wconf 85' lang='lat' dir='ltr'>crudelis</span> <span class='ocrx_word' id='word_1_171' title='bbox 1049 2553 1220 2629; x_wconf 85' lang='lat' dir='ltr'>gloria</span> <span class='ocrx_word' id='word_1_172' title='bbox 1246 2554 1452 2611; x_wconf 80' lang='lat' dir='ltr'>frontis</span> 
     </span>
     <span class='ocr_line' id='line_1_29' title="bbox 201 2634 1550 2696; baseline 0.002 -5"><span class='ocrx_word' id='word_1_173' title='bbox 201 2634 510 2691; x_wconf 89' lang='lat' dir='ltr'>Prominet.</span> <span class='ocrx_word' id='word_1_174' title='bbox 539 2635 776 2692; x_wconf 91' lang='lat' dir='ltr'>Inachio</span> <span class='ocrx_word' id='word_1_175' title='bbox 804 2649 1057 2695; x_wconf 86' lang='lat' dir='ltr'>sanctum</span> <span class='ocrx_word' id='word_1_176' title='bbox 1084 2637 1278 2696; x_wconf 84' lang='lat' dir='ltr'>dixere</span> <span class='ocrx_word' id='word_1_177' title='bbox 1304 2638 1550 2694; x_wconf 82' lang='lat' dir='ltr'>Tonanti</span> 
     </span>
     <span class='ocr_line' id='line_1_30' title="bbox 201 2719 1576 2802; baseline 0.004 -28"><span class='ocrx_word' id='word_1_178' title='bbox 201 2719 508 2795; x_wconf 77' lang='lat' dir='ltr'>Agricolae,</span> <span class='ocrx_word' id='word_1_179' title='bbox 537 2721 627 2777; x_wconf 89' lang='lat' dir='ltr'>cui</span> <span class='ocrx_word' id='word_1_180' title='bbox 656 2742 792 2780; x_wconf 84' lang='lat' dir='ltr'>cura</span> <span class='ocrx_word' id='word_1_181' title='bbox 819 2722 930 2779; x_wconf 92' lang='lat' dir='ltr'>loci</span> <span class='ocrx_word' id='word_1_182' title='bbox 950 2767 964 2792; x_wconf 94' lang='lat'>,</span> <span class='ocrx_word' id='word_1_183' title='bbox 992 2737 1052 2780; x_wconf 89' lang='lat' dir='ltr'>et</span> <span class='ocrx_word' id='word_1_184' title='bbox 1076 2723 1440 2802; x_wconf 80' lang='lat' dir='ltr'>sylvestribus</span> <span class='ocrx_word' id='word_1_185' title='bbox 1466 2724 1576 2780; x_wconf 84' lang='lat' dir='ltr'>aris</span> 
     </span>
     <span class='ocr_line' id='line_1_31' title="bbox 201 2803 1714 2889; baseline 0.007 -31"><span class='ocrx_word' id='word_1_186' title='bbox 201 2803 424 2879; x_wconf 83' lang='lat' dir='ltr'>Pauper</span> <span class='ocrx_word' id='word_1_187' title='bbox 447 2807 649 2863; x_wconf 79' lang='lat' dir='ltr'>honos·</span> <span class='ocrx_word' id='word_1_188' title='bbox 679 2809 843 2864; x_wconf 85' lang='lat' dir='ltr'>Nunc</span> <span class='ocrx_word' id='word_1_189' title='bbox 874 2808 966 2864; x_wconf 88' lang='lat' dir='ltr'>ille</span> <span class='ocrx_word' id='word_1_190' title='bbox 989 2807 1097 2864; x_wconf 90' lang='lat' dir='ltr'>Dei</span> <span class='ocrx_word' id='word_1_191' title='bbox 1120 2808 1474 2866; x_wconf 87' lang='lat' dir='ltr'>circumdare</span> <span class='ocrx_word' id='word_1_192' title='bbox 1500 2811 1714 2889; x_wconf 79' lang='lat' dir='ltr'>templa</span> 
     </span>
     <span class='ocr_line' id='line_1_32' title="bbox 199 2888 1640 2970; baseline 0.006 -26"><span class='ocrx_word' id='word_1_193' title='bbox 199 2888 350 2945; x_wconf 91' lang='lat' dir='ltr'>Orbe</span> <span class='ocrx_word' id='word_1_194' title='bbox 382 2910 520 2965; x_wconf 84' lang='lat' dir='ltr'>vago</span> <span class='ocrx_word' id='word_1_195' title='bbox 548 2893 777 2951; x_wconf 80' lang='lat' dir='ltr'>labens:</span> <span class='ocrx_word' id='word_1_196' title='bbox 806 2892 1020 2948; x_wconf 85' lang='lat' dir='ltr'>miserae</span> <span class='ocrx_word' id='word_1_197' title='bbox 1055 2912 1208 2948; x_wconf 89' lang='lat' dir='ltr'>nunc</span> <span class='ocrx_word' id='word_1_198' title='bbox 1238 2893 1443 2950; x_wconf 87' lang='lat' dir='ltr'>robora</span> <span class='ocrx_word' id='word_1_199' title='bbox 1468 2896 1640 2970; x_wconf 86' lang='lat' dir='ltr'>sylvae·</span> 
     </span>
     <span class='ocr_line' id='line_1_33' title="bbox 136 2975 1567 3056; baseline 0.005 -25"><span class='ocrx_word' id='word_1_200' title='bbox 136 3026 137 3031; x_wconf 73' lang='grc'>,</span> <span class='ocrx_word' id='word_1_201' title='bbox 201 2975 438 3047; x_wconf 86' lang='lat' dir='ltr'>Atterit‚</span> <span class='ocrx_word' id='word_1_202' title='bbox 459 2987 511 3033; x_wconf 92' lang='lat' dir='ltr'>et</span> <span class='ocrx_word' id='word_1_203' title='bbox 535 2990 718 3036; x_wconf 85' lang='lat' dir='ltr'>vastas</span> <span class='ocrx_word' id='word_1_204' title='bbox 744 2989 942 3034; x_wconf 87' lang='lat' dir='ltr'>tenuat</span> <span class='ocrx_word' id='word_1_205' title='bbox 970 2976 1358 3056; x_wconf 82' lang='lat' dir='ltr'>complexibus</span> <span class='ocrx_word' id='word_1_206' title='bbox 1383 3000 1567 3039; x_wconf 88' lang='lat' dir='ltr'>ornos.</span> 
     </span>
    </p>
   </div>
  </div>
 </body>
</html>
