2079 3613
577 261 717 333 7601
821 260 1264 324 ΤΗΕΒΑΙΒΟΒ,
1317 262 1459 311 mn.
1513 263 1619 312 Ἦ.
1778 251 1897 333 ι75

398 358 477 415 Ut
504 377 618 415 sese
643 359 930 434 permensi
954 359 1163 428 oeulis,
1194 371 1252 416 et
1274 371 1513 435 uterque
1535 358 1781 435 priorem

400 443 711 518 Speravere
735 442 922 500 locum
937 486 955 515 ,
981 464 1100 500 non
1125 442 1391 520 protinus
1418 442 1501 498 ira
1518 483 1536 514 ‚
1562 464 1673 500 nec
1691 443 1869 500 ictusz
1902 452 1907 457 ’

395 525 656 585 Alternus
680 529 909 602 paulum
933 529 1133 599 timor,
1159 542 1214 586 et
1239 529 1522 606 permixta
1548 529 1729 585 furori

397 613 687 671 Consilia:
720 616 992 674 inclinant
1021 630 1239 674 tantum
1269 615 1548 672 contraria
1575 617 1733 690 jactu

393 697 655 770 Brachia,
682 713 738 757 et
762 703 1069 778 explorant
1095 714 1290 759 coestus
1306 744 1321 772 ,
1348 701 1739 777 hebetantque

620 786 870 844 terendo.

466 871 706 927 Doctior
718 869 813 926 hic
831 872 1026 929 differt
1041 873 1303 942 animum,
1315 885 1684 951 metuensque
1702 876 1901 946 futuri,

391 954 701 1010 Cunctatus
727 955 876 1012 vires
901 954 1195 1030 dispensat
1216 976 1230 1025 ;
1262 970 1320 1013 at
1345 956 1435 1014 ille
1461 958 1702 1016 nocendi

388 1036 669 1110 Prodigus
684 1078 701 1106 ,
727 1038 1096 1112 incautusque
1116 1039 1235 1108 sui,
1261 1040 1376 1095 ruit
1402 1044 1608 1113 omnis,
1631 1057 1688 1100 et
1709 1046 1903 1104 ambas

393 1121 685 1176 Consumit
710 1122 830 1178 sine
853 1121 974 1198 lege
1000 1142 1230 1191 manuS‚
1257 1136 1427 1199 atque
1452 1125 1609 1183 irrita
1631 1130 1843 1188 frendit

390 1205 716 1281 Insui-gens,
746 1227 918 1283 seque
940 1207 1062 1283 ipse
1080 1208 1308 1282 premi-t.
1331 1210 1439 1267 Sed
1458 1212 1731 1288 providus
1751 1231 1894 1288 astu,

385 1293 459 1347 Et
482 1292 664 1367 patria
681 1291 824 1370 vigil
851 1305 970 1350 arte
992 1298 1182 1371 Lacon
1198 1336 1215 1364 ,
1244 1294 1350 1350 hos
1375 1298 1560 1372 rejicit
1583 1299 1773 1374 ictus,

386 1374 509 1431 Hos
535 1388 720 1433 cavet.
752 1376 1051 1434 Interdum
1073 1391 1215 1434 nutu
1231 1419 1248 1450 ‚
1271 1380 1584 1458 capitisque
1611 1384 1772 1442 citati

389 1461 619 1538 Integer
643 1463 944 1539 obsequio,
968 1465 1230 1523 manibus
1253 1479 1402 1525 nunc
1429 1469 1594 1527 obvia
1618 1471 1732 1528 tela

309 1601 324 1608 ,
391 1546 739 1620 Discutiens,
768 1550 938 1608 instat
964 1571 1191 1628 gressu,
1219 1552 1491 1630 vultuque
1513 1556 1756 1613 recedit:

392 1634 548 1709 Saepe
575 1634 744 1691 etiam
768 1635 986 1710 injustis
1011 1634 1275 1692 collatum
1301 1638 1513 1696 viribus
1536 1640 1757 1698 hostem

397 1717 475 1794 (Is
500 1719 659 1795 vigor
683 1721 910 1796 ingenio
926 1763 942 1792 ,
973 1735 1127 1778 tanta
1153 1723 1498 1800 experientia
1525 1726 1730 1785 dextrae
1755 1736 1893 1801 eso&

394 1800 559 1858 Ultro
581 1802 769 1858 audax
790 1805 1282 1882 animisinstatque
1303 1822 1358 1864 et
1376 1810 1689 1878 obumbrat,
1710 1827 1766 1868 et
1785 1814 1896 1872 alte

391 1886 595 1941 Assilit.
626 1887 699 1941 Ut
727 1907 984 1963 praeceps
1004 1889 1230 1946 cumulo
1259 1893 1385 1947 salit
1414 1894 1564 1949 unda
1588 1897 1861 1955 minantes

391 1972 458 2026 In
486 1970 747 2048 scopulos
764 2014 784 2042 „
812 1987 865 2030 et
889 1974 1067 2031 stacta
1092 1974 1273 2047 redit;
1305 1978 1385 2034 sic
1411 1978 1506 2035 ille
1533 1982 1816 2039 furentem

392 2053 608 2110 Circuit
633 2077 983 2135 expugnans.
1007 2064 1184 2118 Levat
1211 2082 1345 2120 ecce
1361 2105 1377 2135 ‚
1409 2063 1617 2142 diuque
1648 2068 1897 2126 minatur

388 2141 457 2195 In
482 2139 629 2197 latus
650 2184 666 2212 ‚
693 2142 863 2219 inque
892 2143 1088 2202 oculos
1115 2168 1127 2202 :
1155 2145 1314 2208 illum
1338 2148 1518 2227 rigida
1542 2170 1696 2207 arma

597 2241 895 2285 caventem

384 2313 631 2370 Advocat
646 2355 663 2379 ,
681 2317 1014 2373 etimanibus
1028 2339 1134 2378 nec
1156 2320 1385 2396 opinum
1409 2321 1693 2379 interserit
1716 2324 1896 2381 ictum

384 2394 665 2466 Callidus,
696 2416 763 2451 ac
786 2399 1026 2456 mediam
1052 2402 1307 2479 designat
1333 2405 1567 2463 vulnere
1594 2408 1853 2465 frontem.

388 2475 426 2529 J
429 2494 517 2528 am
547 2494 713 2531 cruor
729 2518 746 2546 ,
774 2491 831 2533 et
856 2481 1052 2556 tepido
1077 2487 1367 2561 signantur
1391 2503 1648 2567 tempora
1674 2492 1818 2552 rivo·

387 2558 587 2616 Nescit
608 2558 789 2616 adhuc
811 2564 1108 2639 Capaneus
1122 2610 1139 2639 ,
1169 2571 1525 2647 subitumque
1549 2593 1657 2650 per
1673 2576 1899 2651 agmina

609 2664 865 2701 murmur

383 2730 658 2802 Miratur5
683 2750 880 2792 verum
905 2746 968 2791 ut
992 2734 1199 2796 fessam
1215 2756 1382 2815 super
1410 2760 1505 2796 ora
1524 2740 1754 2802 reduxit

383 2816 557 2872 Forte
583 2835 837 2888 manum,
867 2832 924 2877 et
949 2840 1167 2880 summo
1191 2824 1436 2885 maculas
1461 2827 1520 2884 in
1545 2828 1756 2888 vellere

415 2975 419 2980 ἢ
609 2902 789 2975 vidit,

384 2985 513 3045 Non
532 2985 652 3057 leo,
671 3010 796 3056 non
817 2994 1256 3069 jaculotantum
1283 3000 1583 3080 indignata
1608 3016 1851 3080 recepto

1882 3251 1989 3322 f
