2079 3613
220 256 348 319 326
476 268 923 335 ΤΗΕΒΑῙυοε,
975 271 1123 322 Lm.
1175 276 1283 325 x1.
1392 273 1491 349 167

219 372 247 415 ἀ
271 368 565 422 Extorrem
585 368 765 443 patria
785 410 800 438 ‚
827 385 1136 445 regnoque.
1162 369 1274 426 Sed
1296 370 1455 446 exige
1482 369 1711 433 tandem

220 472 249 501 κ
270 450 580 527 Supplicia.
612 447 868 510 Fratrem
888 473 1147 530 suprema
1172 455 1229 511 in
1257 454 1397 512 bella
1425 455 1600 533 (quid

435 533 633 592 horres
656 536 682 593 ἐ’

217 642 251 669 α
270 619 572 674 Decretum
596 633 679 677 est
701 620 1017 698 fixumque)
1046 642 1208 684 voce.
1234 622 1454 681 Desiste
1478 622 1680 687 morari
1706 637 1723 676 ε

218 727 247 757 α
267 707 381 761 Nec
408 704 639 780 poteris.
672 708 801 763 Non
826 706 872 764 si
898 719 1017 763 atra
1044 728 1249 784 parens
1269 750 1285 779 ,
1317 709 1641 785 miseraeque
1677 779 1679 781 η

438 809 655 847 sorores

218 906 245 937 e<
267 886 338 944 In
365 884 550 941 media
579 906 729 943 arma
756 890 1001 946 cadant.
1029 910 1146 947 non
1173 892 1219 948 si
1244 892 1366 968 ipse
1393 893 1464 950 ad
1490 891 1639 949 bella

432 973 621 1029 ruenti

215 1094 243 1123 α
264 1070 493 1143 Obstet,
516 1087 569 1131 et
596 1075 893 1144 exstinctos
914 1074 1084 1151 galeae
1099 1089 1264 1153 pater
1286 1078 1501 1155 ingerat
1529 1078 1713 1149 oibes.,

209 1177 239 1207 α
262 1156 552 1215 Deficiam'.
583 1163 750 1216 Anne
776 1161 962 1216 bibam
982 1176 1235 1238 superest
1262 1162 1638 1248 quodcunque

437 1247 647 1301 cruoris

212 1365 241 1394 «
262 1342 512 1399 Inachii.
496 1343 523 1380 '⁸'
550 1356 606 1398 et
631 1344 826 1408 vestris
853 1343 1154 1399 etiamnum
1180 1345 1452 1400 mortibus
1475 1358 1601 1401 utar
1621 1343 1650 1403 ἐ’

212 1450 243 1476 «
262 1425 398 1482 Vidi
424 1439 644 1499 egomet
670 1440 905 1504 propter
926 1441 1122 1504 ruptos
1150 1427 1363 1495 telluris
1387 1429 1606 1499 hiatuS‚

209 1532 239 1562 c<
260 1510 310 1565 N
316 1529 378 1565 ec
405 1510 577 1581 subii3
618 1511 733 1567 vidi
766 1508 1080 1568 exanimum
1105 1553 1120 1580 ‚
1160 1511 1378 1586 fecique
1405 1525 1711 1567 nocentem

211 1619 241 1648 α
261 1595 481 1671 Tydea.
511 1601 609 1653 Me
634 1602 818 1673 Tegee
848 1617 1036 1673 regem
1059 1598 1332 1653 indefessa
1357 1598 1649 1693 reposcit,

208 1679 513 1754 «Orbaque
540 1680 835 1737 Parrhasiis
861 1682 1037 1737 ululat
1065 1680 1203 1737 mihi
1222 1694 1402 1739 mater
1426 1681 1482 1737 in
1509 1681 1698 1741 antris.

205 1786 232 1816 «
241 1764 391 1841 Ipse
416 1786 523 1823 nec
549 1766 759 1823 Ismeni
783 1767 963 1844 ripaS‚
993 1767 1127 1824 dum
1153 1781 1343 1847 stagna
1366 1778 1620 1824 cruentat

206 1873 234 1901 α
258 1841 692 1927 Hippomedon,
717 1854 922 1930 Tyrias
943 1854 1101 1930 potui
1126 1874 1230 1912 nec
1255 1855 1519 1911 scandere
1580 1884 1587 1893 ·

424 1949 603 1993 turres
607 1979 637 2008 ‚

204 2045 232 2074 κ
252 2023 401 2078 Dum
421 2035 581 2078 tonat
598 2065 613 2092 ‚
644 2037 703 2079 et
727 2034 913 2080 tecum
932 2066 948 2095 ,
972 2025 1237 2100 Capaneu
1253 2065 1268 2093 ,
1297 2024 1532 2081 miscere

415 2111 636 2166 furores
652 2106 679 2164 ’.Ρ
1204 2129 1217 2134 ·

202 2229 231 2259 α
250 2203 387 2279 Quis
414 2216 602 2268 tantus
627 2224 732 2280 pro
757 2203 881 2275 luce
908 2201 1113 2260 timor?
1137 2202 1239 2260 sed
1262 2204 1430 2281 digna

419 2289 745 2364 rependam.

201 2399 230 2429 κ
251 2368 608 2433 Conveniant
635 2375 962 2451 ubicunque
983 2392 1180 2445 nurus,
1201 2386 1519 2452 matresque

144 2455 152 2459 ’
415 2459 654 2537 Pelasgae
668 2504 683 2529 ‚

197 2587 231 2613 «ι
249 2558 631 2636 Longaevique
652 2570 868 2633 patreS,
896 2578 1135 2634 quorum
1161 2570 1245 2615 tot
1270 2557 1470 2634 gaudia
1493 2557 1700 2635 carpsi,

199 2671 227 2700 «
248 2645 578 2721 Orbavique
600 2644 814 2701 domos.
842 2646 1033 2701 Fratri
1062 2664 1358 2701 concurro.
1388 2644 1539 2720 Quid
1558 2641 1706 2700 ultra

423 2729 552 2788 est?
638 2773 644 2779 -

200 2854 230 2883 ε(
253 2832 524 2906 Spectent
541 2872 556 2899 ,
585 2840 641 2884 et
668 2827 811 2885 votis
830 2828 1104 2885 victorem
1128 2815 1673 2902 Eteoclea'poscant.

200 2940 229 2969 «
249 2919 492 2991 Jamque
519 2915 663 2985 vale,
693 2917 928 2990 conjux,
958 2912 1265 2990 dulcesque
1290 2910 1473 2971 valete

404 3003 692 3076 Mycaenae.
