2079 3613
361 318 443 379 68
678 318 1115 380 ΤΗΕΒΑῙῡοε,
1169 316 1310 363 Lm.
1363 314 1476 362 111.
1572 311 1679 367 325

358 425 508 479 Arva
534 418 705 499 gradu
728 462 742 486 ‚
766 416 1076 489 viridisque
1101 410 1239 486 legit
1265 411 1480 466 devexa
1502 408 1829 486 Prosymnae

358 504 636 563 Terribilis
662 502 807 560 visu.
837 502 997 557 Stant
1025 495 1149 553 sulti
1177 494 1412 571 pulvere
1442 493 1658 550 crines:

355 590 666 668 Squallidus
686 610 757 644 ex
770 585 1023 643 humeris
1037 583 1185 639 cadit
1200 580 1310 636 alta
1327 580 1385 635 in
1402 579 1643 637 vulnera
1662 577 1857 648 sudor,

352 680 759 751 Insomnesque
785 669 976 727 oculos
1003 668 1174 725 rubor
1201 666 1441 735 excitat3
1472 685 1683 741 oraque
1709 677 1864 720 retro

352 762 557 821 Sorbet
580 758 782 815 anhela
807 758 942 813 sitis,
973 759 1139 812 Mens
1162 752 1334 808 altum
1356 751 1532 828 spirat
1552 749 1824 806 honorem
1841 792 1857 820 ‚

354 846 594 904 Conscia
622 846 917 901 factorum.
947 842 1041 899 Sic
1063 853 1198 896 nota
1223 838 1281 894 in
1309 856 1518 912 pascua
1546 848 1737 893 taurus

356 931 602 988 Bellator
627 930 805 1001 redit,
836 928 1071 984 adverso
1101 926 1191 981 cui
1216 924 1358 981 colla
1381 966 1396 994 ‚
1428 943 1639 998 suoque

357 1017 632 1093 Sanguine
647 1059 662 1087 ‚
687 1012 1065 1092 proscissiquc
1087 1023 1282 1067 natant
1308 1009 1627 1084 palearibus
1644 1007 1803 1063 armi.

360 1106 520 1160 Tunc
558 1121 784 1180 quoque
826 1099 968 1155 lassa
1009 1108 1187 1152 tumet
1222 1094 1396 1151 virtus
1412 1136 1427 1163 ,
1469 1094 1823 1169 multumque

502 1184 760 1261 superbit

312 1274 323 1292 ²
358 1272 596 1326 Pectore
625 1267 916 1341 despecto,
942 1266 1135 1321 Vacua
1162 1265 1312 1339 jacet
1336 1260 1514 1317 hostis
1540 1279 1710 1316 arena

357 1356 551 1429 Turpe
572 1372 798 1430 gemens
815 1393 830 1421 ‚
861 1348 1173 1425 crudosque
1198 1360 1352 1405 vetat
1373 1346 1581 1402 sentire
1611 1345 1856 1404 dolores,

359 1438 513 1494 Talis
539 1450 680 1493 erat.
711 1434 928 1492 Medias
957 1434 1127 1490 etiam
1151 1453 1265 1488 non
1292 1430 1511 1486 destitit
1533 1431 1730 1501 urbeS‚

360 1520 647 1597 Quidquid
665 1533 719 1577 et
733 1523 983 1594 Asopon,
1005 1531 1339 1592 vcteresque
1360 1516 1662 1589 interjacet
1679 1519 1860 1590 Argos

362 1606 704 1661 Inflammare
720 1604 890 1663 odiis:
911 1602 1287 1678 multumque,
1306 1612 1361 1654 et
1377 1599 1587 1674 ubique
1604 1612 1862 1655 retexens

358 1692 630 1765 Legatum
655 1710 771 1746 sese
797 1687 965 1745 Graia
987 1690 1059 1744 de
1086 1699 1248 1763 gente
1275 1682 1540 1759 petendis

361 1777 480 1831 Isse
508 1794 675 1852 super
699 1775 883 1850 regnis
908 1772 1138 1852 profugi
1166 1767 1453 1848 Polynicis
1482 1788 1495 1825 :
1530 1793 1558 1823 «
1581 1770 1658 1825 At
1684 1767 1818 1823 inde

366 1886 395 1916 c<
416 1863 576 1934 Vim,
607 1874 859 1930 noctem,
889 1860 1098 1927 sceluS,
1128 1876 1313 1924 arma,
1343 1854 1530 1924 dolos,
1557 1874 1619 1909 ea
1648 1855 1863 1910 foedera

508 1967 733 2024 passum

367 2058 395 2088 ι(
413 2032 574 2109 Regis
596 2031 878 2099 Echionii,
909 2029 1070 2087 fratri
1098 2047 1191 2082 sua
1219 2029 1345 2100 jura
1368 2023 1580 2099 negari.
1607 2046 1636 2074 n

362 2125 537 2179 Prona
566 2110 702 2176 fides
739 2115 980 2194 populis,
1008 2115 1162 2169 Deus
1188 2109 1376 2166 omnia
1402 2106 1634 2163 credere
1663 2103 1864 2162 suadet

362 2206 752 2280 Armipotens,
775 2200 1131 2278 geminatque
1154 2206 1419 2270 acceptos
1437 2194 1581 2247 fama
1601 2208 1857 2267 pavoreS.
1911 2206 1917 2213 ·

436 2293 627 2365 thue
656 2291 1028 2359 introgressus
1054 2292 1246 2354 portas
1275 2275 1370 2355 (et
1392 2277 1531 2331 forte
1560 2276 1841 2331 verendos

365 2373 615 2428 Concilio
640 2385 801 2448 pater
825 2369 945 2442 ipse
974 2366 1149 2421 duces
1177 2361 1415 2439 cogebat
1443 2359 1747 2435 Adrastus)

364 2459 710 2535 Improvisus
735 2453 896 2510 adest
913 2492 929 2520 ‚
952 2451 1067 2523 jam
1093 2447 1247 2503 illinc
1273 2470 1303 2503 a
1331 2445 1588 2524 postibus
1609 2444 1773 2513 aulae,

361 2545 727 2602 Vociferans:
762 2561 790 2590 «
812 2540 1020 2605 Arma,
1050 2555 1201 2591 arma
1227 2534 1366 2592 viri!
1393 2546 1567 2611 tuque
1603 2531 1816 2608 optime

508 2631 708 2682 Lernae

369 2715 673 2775 «Ductor,
713 2707 1127 2783 magnanimum
1162 2708 1208 2763 si
1247 2705 1372 2781 quis
1406 2701 1514 2757 tibi
1563 2698 1787 2776 sanguis

512 2813 745 2850 avorum
770 2837 785 2863 ‚

372 2897 400 2935 ε’(
422 2883 597 2936 Arma
626 2900 781 2955 para.
808 2884 1097 2953 Nusquam
1128 2875 1309 2952 pietas
1340 2892 1352 2928 :
1392 2894 1504 2941 non
1536 2862 1795 2950 gentibus

511 2985 725 3041 aequum

376 3076 404 3104 κ
428 3056 564 3117 Fas,
592 3066 685 3109 aut
711 3055 833 3128 jura
858 3049 1025 3110 Jovis.
1058 3048 1263 3106 Melius
1286 3041 1497 3123 legatus
1525 3045 1764 3102 adissem
