2079 3613
463 294 563 352 129
699 276 1145 339 ΤΗΕΒΑΙῡοε,
1198 278 1345 324 Lm.
1400 278 1535 325 vn.
1698 271 1815 331 185

321 375 483 429 Nunc
518 374 730 452 Pylius,
768 395 919 431 nunc
956 395 1055 431 ore
1094 376 1323 443 Lacon,
1364 372 1662 452 hostesque
1712 446 1715 449 ,

542 464 893 540 propinquos

318 540 557 617 Adjurat
575 589 593 614 ,
620 559 939 622 turmasque
964 557 1123 600 metu
1150 543 1461 600 consternit
1490 545 1663 600 inani.

320 627 413 682 Nil
441 629 639 687 salsum
665 630 920 707 trepidis·
949 633 1027 685 Ut
1053 648 1190 686 vero
1219 627 1531 685 amentibus
1560 627 1680 704 ipse

321 711 561 783 Incidit,
586 727 648 771 et
672 734 841 770 sacrae
864 715 1080 769 circum
1107 711 1327 788 fastigia
1354 709 1511 770 vallis

322 797 574 859 Turbine
602 811 915 874 praevectus
939 797 1141 875 rapido
1159 838 1175 868 ‚
1206 810 1294 853 ter
1318 797 1541 854 sustulit
1568 797 1785 855 hastam
1812 839 1829 869 ,

321 883 434 938 Ter
448 885 732 940 concussit
750 904 940 959 equos,
954 882 1216 960 clypeum
1237 894 1323 938 ter
1336 895 1569 958 pectore
1587 881 1790 958 plausit
1808 905 1824 940 ε

321 996 350 1025 α
374 975 581 1030 Arma!
610 980 793 1031 arma!
822 975 1025 1031 insani.
1047 998 1076 1026 ›>
1105 977 1213 1030 Sua
1240 975 1504 1049 quisque,
1525 975 1824 1053 ignotaque

540 1059 699 1114 nqu

319 1145 480 1200 More
502 1145 683 1220 rapit:
709 1155 926 1201 mutant
950 1140 1164 1219 galeas,
1194 1132 1490 1216 alien'aque
1511 1158 1719 1217 cogunt

317 1228 402 1285 Ad
424 1230 555 1306 juga
580 1229 947 1306 cornipedes:
975 1231 1127 1287 serus
1154 1227 1308 1284 omni
1333 1227 1391 1285 in
1418 1240 1649 1302 pectore
1676 1227 1827 1288 saevit

319 1315 515 1373 Martis
543 1336 718 1387 amor,
740 1314 1036 1391 caedisque.
1057 1308 1210 1370 Nihil
1230 1310 1587 1388 flagrantibus
1606 1314 1825 1373 obstat:

317 1399 702 1479 Praecipitant,
723 1402 1118 1478 redimuntque
1147 1419 1346 1457 moras.
1376 1398 1468 1456 Sic
1494 1398 1675 1460 littora
1697 1442 1714 1472 ‚

533 1499 712 1544 vento

317 1571 662 1648 Incipiente,
682 1572 958 1639 fremunt,
976 1569 1185 1646 sugitur
1211 1589 1338 1626 cum
1364 1581 1583 1646 portuS,
1614 1567 1822 1645 ubique

318 1654 464 1712 Vela
492 1658 699 1727 fluunt,
726 1655 839 1713 laxi
863 1659 1150 1731 jactantur
1174 1656 1384 1732 ubique
1407 1648 1676 1712 rudentes
1698 1674 1714 1726 ;

321 1738 563 1812 Jamque
588 1751 784 1796 natant
808 1741 950 1796 remi
964 1782 986 1816 ‚
1012 1752 1171 1797 natat
1198 1742 1380 1799 omnis
1408 1743 1467 1797 in
1491 1761 1717 1819 aequore

477 1867 486 1874 ,
539 1843 755 1879 sununo

321 1902 625 1978 Anchora5
655 1909 767 1982 jam
795 1905 971 1963 dulcis
989 1906 1167 1962 medii
1192 1906 1263 1963 de
1290 1908 1507 1984 gurgite
1532 1908 1694 1984 ponti

316 1991 631 2068 Respicitur
656 1990 858 2064 tellus,
890 1990 1238 2068 comitesque
1266 2015 1295 2049 a
1325 2013 1523 2069 puppe
1550 1992 1750 2049 relicti.

387 2076 624 2133 Viderat
638 2076 939 2135 Inachidas
954 2075 1214 2153 rapidum
1232 2078 1546 2155 glomerare
1561 2076 1827 2136 cohortes

316 2161 565 2221 Bacchus
590 2163 718 2219 iter.
746 2163 981 2221 Gemuit
1006 2163 1242 2239 Tyriam
1270 2181 1578 2222 conversus
1604 2161 1679 2219 ad

545 2248 780 2318 urbena‚

319 2331 711 2408 Altricernque
739 2334 1001 2404 domum,
1031 2345 1089 2389 et
1113 2334 1327 2410 patrios
1352 2334 1728 2392 reminiscitur

543 2416 717 2489 ignes,

315 2498 671 2571 Purpureum
695 2500 843 2554 tristi
865 2499 1121 2562 turbatus
1147 2489 1378 2578 pectore
1410 2502 1658 2570 vultum,

317 2586 445 2639 Non
468 2580 682 2653 crineS,
704 2603 821 2638 non
844 2598 987 2639 serta
1013 2587 1180 2653 loco,
1207 2587 1577 2659 dextramque
1602 2586 1829 2663 reliquit

317 2668 611 2746 Thyrsus,
644 2680 700 2724 et
727 2667 954 2725 intactae
978 2668 1304 2725 ceciderunt
1330 2670 1594 2726 cornibus
1621 2691 1759 2732 uvae.

313 2756 497 2829 Erg0,
528 2766 588 2810 ut
616 2767 764 2823 er‚at
791 2751 1086 2828 lacrymis,
1111 2752 1385 2829 lapsoque
1415 2752 1731 2824 inhonorus

439 2890 458 2896 ,
539 2840 747 2896 amictu
768 2881 784 2911 ‚

315 2923 454 2983 Ante
488 2926 687 2981 Jovem
723 2926 820 3001 (et
861 2938 993 2983 tunc
1033 2927 1178 2986 forte
1215 2925 1409 3007 polum
1451 2937 1706 2984 secretus

537 3007 781 3073 habebat
806 3009 825 3090 )
