2079 3613
472 335 580 395 655
675 338 1117 403 ΤΗΕΒΑῐυοε,
1172 343 1315 392 Lm.
1365 344 1503 393 x11.
1648 335 1775 417 379

282 433 537 491 Nubibus
560 478 575 505 ‚
606 449 663 493 et
689 437 932 493 tonitrus
949 480 964 506 ,
990 437 1299 513 insanaque
1325 436 1560 494 fulmina

499 522 767 599 gaudent.

345 620 468 674 Icta
493 619 663 695 gemit
690 618 849 676 tellus
881 639 895 676 ε
921 620 1129 678 virides
1156 622 1337 695 gravis
1363 621 1565 701 ungula

496 725 724 782 campos

270 805 481 875 Mutat,
513 816 570 859 et
600 803 904 859 innumeris
929 803 1301 882 peditumque
1322 847 1338 877 ,
1370 805 1742 882 equitumque

481 902 722 945 catervis

265 987 528 1061 Exspirat
555 985 831 1060 protritus
858 1002 1021 1059 ager3
1053 1005 1158 1040 nec
1183 987 1420 1060 pulvere
1448 1005 1631 1042 crasso

266 1074 569 1126 Armorum
596 1067 687 1124 lux
714 1069 865 1125 victa
889 1070 1066 1143 perit3
1098 1068 1198 1125 sed
1222 1068 1280 1123 in
1307 1068 1516 1125 aethera
1540 1070 1771 1144 longum

260 1154 568 1231 Frangitur
589 1195 605 1223 ,
631 1166 689 1209 et
711 1153 911 1209 mediis
930 1153 1130 1209 ardent
1153 1152 1211 1208 in
1231 1152 1479 1209 nubibus
1500 1152 1694 1210 hastae.
1811 1172 1822 1177 ·

258 1246 498 1298 Noctem
517 1241 660 1306 adeo
678 1282 694 1311 ,
714 1239 1079 1317 placidasque
1108 1239 1263 1317 operi
1285 1242 1523 1316 junxere

485 1325 745 1383 tenebras
777 1366 794 1395 ,

256 1427 672 1502 Certamenque
699 1425 941 1494 immane
968 1423 1132 1495 viriS‚
1162 1444 1273 1501 quo
1300 1417 1522 1484 concita

392 1534 404 1542 ·
476 1511 718 1569 tendant

257 1614 484 1690 Agmina
508 1631 523 1683 ;
546 1611 669 1687 quis
689 1616 837 1668 visas
861 1610 1177 1688 proclamet
1201 1613 1272 1668 ab
1300 1632 1501 1690 aggere

473 1698 703 1772 Theba-s
731 1716 744 1750 τ

251 1799 423 1875 Cujus
447 1796 508 1852 in
532 1794 752 1871 Ogygio
780 1804 886 1849 stet
911 1793 1185 1869 princeps
1208 1792 1406 1850 lancea
1431 1815 1611 1852 mure.

322 1890 401 1939 At
434 1879 635 1957 procul
662 1877 875 1954 ingenti
915 1877 1233 1953 Neptunius
1258 1879 1477 1954 agmina
1502 1879 1757 1937 Theseus

245 1970 524 2043 Angustat
544 1966 750 2039 clypeo
766 2006 780 2028 ‚
801 1962 1155 2040 propriaeque
1181 1963 1407 2019 exordia
1424 1960 1605 2020 laudis
1620 2005 1641 2035 ,

226 2054 488 2109 ‘Centum
514 2050 684 2109 urbes
708 2049 953 2107 umbone
982 2051 1130 2126 gerit
1147 2093 1162 2120 ‚
1194 2061 1539 2125 centenaque
1565 2051 1751 2109 Cretae

241 2140 485 2209 Moenia;
517 2158 682 2213 seque
713 2137 896 2215 ipsum
923 2135 1230 2208 monstrosi
1249 2134 1574 2212 ambagibus
1601 2138 1749 2194 antri
1831 2187 1846 2188 ἶ

239 2226 474 2303 Hispida
497 2237 859 2301 torquentem
886 2221 1148 2280 luctantis
1176 2222 1318 2280 colla
1337 2224 1559 2300 juvenci
1591 2245 1605 2283 :

235 2311 609 2389 Alternasque
634 2331 826 2369 manus
847 2311 1090 2382 circum,
1122 2307 1176 2369 et
1200 2310 1412 2368 nodosa
1435 2309 1707 2387 ligantem

234 2399 464 2455 Brachia
481 2441 495 2463 ‚
525 2411 579 2452 ct
605 2399 852 2454 abducto
873 2395 1138 2453 vitantem
1163 2417 1376 2454 cornua
1403 2398 1586 2454 vultu.

235 2489 443 2543 Terror
464 2483 636 2536 habet
652 2480 897 2556 populos
911 2523 926 2549 ‚
945 2502 1076 2537 cum
1097 2496 1289 2559 septus
1313 2480 1555 2556 imagine
1574 2495 1737 2540 torva

232 2567 558 2647 Ingreditur
582 2585 827 2641 pugnas3
853 2564 940 2621 bis
964 2567 1184 2622 Thesea
1203 2608 1220 2637 ‚
1250 2566 1450 2642 bisque
1479 2579 1739 2623 cruentas

229 2655 393 2714 Caede
410 2651 607 2711 videre
629 2670 843 2706 manus.
872 2652 1112 2709 Veteres
1137 2651 1513 2707 reminiscitur
1532 2663 1687 2707 actus

228 2744 359 2819 Ipse
381 2754 537 2798 tuens
551 2780 568 2810 ‚
593 2738 918 2813 sociumque
945 2756 1172 2813 gregem
1190 2778 1206 2808 .,
1228 2735 1649 2814 metuendaque

448 2823 735 2903 quondam

227 2922 445 2980 Limina
464 2966 479 2994 ,
499 2938 552 2979 et
580 2924 876 2998 absumpto
901 2920 1210 2999 pallentem
1234 2919 1509 2977 Gnossida
1533 2919 1651 2978 filo.

299 3008 483 3063 Saevus
509 3021 564 3064 at
583 3008 796 3067 interea
814 3010 964 3065 ferro
983 3019 1112 3083 post
1128 3019 1283 3084 terga
1302 3005 1580 3062 revinctas

224 3091 579 3172 Antigonen,
609 3094 951 3171 viduamque
976 3095 1164 3152 Creon
1191 3090 1482 3151 Adrastida
1498 3090 1612 3152 leto
