2079 3613
239 230 366 290 510
502 238 943 302 sYLvARUM‚
996 242 1137 291 mn.
1188 243 1305 290 111.
1402 242 1508 318 “97

227 337 413 393 Littus
435 337 506 394 ad
522 337 757 395 Iliacum
778 378 796 408 ,
827 337 1233 414 Tymbraeaque
1260 338 1530 414 Pergama
1558 336 1724 394 venit.

227 422 480 478 Imbellis
495 467 510 490 ‚
537 423 863 498 tumidoque
883 422 1026 477 nihil
1044 423 1499 497 juratuaAtridae
1517 465 1534 494 ‚

148 539 188 545 „
230 506 351 561 Cur
367 506 532 589 nobis
548 508 781 583 ignavus
808 526 965 562 amor
982 504 1009 563 ⁴?
1028 506 1133 562 ‘sed
1161 520 1392 580 pectore
1418 507 1536 564 fido

229 592 518 666 Nusquam
533 591 704 647 abero
721 633 738 660 ‚
768 591 1064 666 longisque
1082 611 1281 665 sequar
1295 604 1387 648 tua
1408 592 1636 649 carbasa

457 677 626 743 votis.
1267 737 1283 755 ⁶

226 760 305 817 Isi
321 799 339 830 ‚
366 756 672 816 Phoroneis
692 759 974 835 quondam
994 760 1269 816 stabulata
1291 761 1394 817 sub
1408 763 1580 818 antris
1603 805 1622 830 ‚

225 848 386 900 Nunc
410 847 600 919 regina
628 845 794 900 Phari
816 885 834 914 ,
857 866 1181 921 numenque
1201 847 1451 905 Orientis
1472 848 1698 919 anheli,

228 929 439 1004 Excipe
462 930 763 986 multisono
781 950 1038 1006 puppem
1054 930 1365 986 Mareotida
1380 931 1546 988 sistro
1568 951 1581 987 :

228 1015 316 1070 Ac
339 1016 602 1088 juvenem
618 1017 897 1091 egregium
915 1015 1155 1086 „Latius
1176 1015 1265 1073 cui
1289 1016 1494 1074 ductor
1511 1021 1633 1075 an

228 1096 390 1173 Signa
408 1140 425 1169 ‚
452 1098 884 1175 Palaestinasque
913 1099 1075 1155 ded.
1103 1101 1315 1157 frenare
1342 1101 1633 1168 cohorte5‚

228 1183 363 1255 Ipsa
383 1203 547 1242 manu
568 1184 793 1259 placida
815 1205 921 1260 per
947 1184 1137 1242 limina
1160 1186 1302 1240 festa
1318 1227 1335 1255 ,
1356 1205 1658 1261 sacrosque

227 1272 354 1324 Duc
380 1281 578 1343 portus
602 1311 617 1337 ‚
645 1268 924 1344 urbesque
953 1281 1098 1325 tuas·
1125 1272 1209 1324 Te
1236 1268 1507 1345 praeside,
1535 1279 1740 1327 noscat

227 1354 393 1416 Unde
420 1354 676 1428 paludosi
697 1355 957 1410 foecunda
977 1354 1210 1411 licentia
1237 1354 1344 1411 Nili
1371 1374 1385 1410 :

228 1441 343 1495 Cur
366 1438 506 1493 vada
533 1438 820 1507 desidant,
849 1452 907 1495 et
931 1441 1053 1514 ripa
1081 1454 1338 1497 coerceat
1360 1442 1533 1498 undas

232 1522 513 1597 Cecropio
537 1522 755 1598 signata
775 1523 894 1579 luto
925 1543 939 1581 t
969 1544 1071 1579 cur
1089 1522 1281 1580 invida
1303 1523 1583 1600 Memphis
1604 1568 1622 1593 ,

231 1609 419 1664 Curve
440 1606 773 1681 Therapnaei
800 1607 1054 1665 lasciviat
1074 1628 1170 1664 ora
1196 1609 1419 1685 Canopi
1442 1630 1457 1667 z

232 1694 351 1749 Cur
378 1694 563 1748 seruet
590 1693 817 1748 Pharias
842 1693 1316 1768 Letheusjanitor
1336 1713 1457 1749 aras
1481 1711 1499 1764 3

231 1776 383 1835 Vilia
409 1797 509 1834 cur
535 1797 764 1854 magnos
790 1789 1015 1855 aequent
1039 1776 1296 1833 animalia
1318 1777 1524 1834 Divos:

230 1868 368 1936 Quae
391 1863 495 1922 sibi
518 1876 836 1940 praesternat
859 1861 1025 1920 vivax
1043 1861 1234 1918 altaria
1256 1861 1520 1920 Phoenix:

232 1951 389 2019 Quos
415 1947 674 2021 dignetur
697 1966 889 2023 agrOS,
912 1958 1006 2001 aut
1031 1967 1146 2027 quo
1171 1966 1228 2001 se
1256 1947 1472 2022 gurgite
1498 1947 1612 2002 Nili

231 2035 451 2106 Mergat
481 2032 746 2087 adoratus
776 2031 1016 2108 trepidis
1035 2032 1359 2107 pastoribus
1379 2032 1528 2110 Apis.

230 2118 354 2172 Duc
384 2128 439 2171 et
458 2118 529 2173 ad
544 2114 873 2169 AEmathios
898 2134 1118 2183 manes,
1137 2113 1233 2168 ubi
1254 2114 1485 2190 beltiger
1499 2113 1656 2171 urbis

229 2196 504 2253 Conditor
523 2198 754 2270 Hybtaeo
781 2199 1039 2271 perfusus
1062 2211 1292 2255 nectare
1319 2202 1480 2255 durat
1501 2218 1515 2254 ε

227 2281 707 2359 Anguiferamque
730 2280 958 2336 domum
977 2324 991 2353 ,
1014 2281 1226 2340 blando
1237 2305 1359 2363 qua
1377 2303 1556 2341 mersa

451 2384 670 2422 veneno

229 2449 412 2508 Actias
436 2449 711 2506 Ausonias
735 2450 877 2524 fugit
902 2451 1202 2529 Cleopatra
1227 2468 1468 2511 catenas,

226 2546 418 2619 Usque
447 2554 503 2598 et
527 2542 583 2595 in
610 2540 871 2618 Assyrias
891 2544 1081 2613 sedeS‚
1109 2544 1481 2621 mandataque
1510 2558 1691 2602 castra

228 2629 565 2702 Prosequere
586 2667 604 2696 ‚
634 2638 688 2683 et.
711 2627 877 2683 Marti
892 2629 1161 2703 juvenem
1179 2670 1196 2701 ‚
1227 2633 1342 2684 Dea
1364 2667 1381 2698 ‚
1406 2629 1560 2685 trade

340 2749 356 2763 .
453 2708 676 2765 Latino.
1022 2755 1046 2782 4

230 2794 351 2852 Nec
370 2813 547 2853 novus
565 2793 768 2869 hospes
788 2793 894 2848 erit
915 2812 929 2849 ε
948 2814 1089 2868 puer
1105 2793 1193 2849 his
1210 2793 1428 2850 sudavit
1447 2795 1504 2849 in
1537 2795 1724 2868 armiS,

226 2879 411 2938 Notus
432 2876 616 2934 adhuc
643 2887 860 2933 tantum
877 2876 1103 2952 majoris
1119 2897 1350 2933 munere
1374 2878 1520 2934 clavi
1549 2902 1563 2937 z

227 2964 264 3020 J
269 2982 357 3019 am
377 2974 561 3019 tamen
587 2973 641 3017 et
661 2974 872 3019 turmas
891 2962 1043 3020 facili
1067 2975 1397 3037 praevertere
1423 2983 1567 3043 gyro
