2079 3613
579 320 678 358 110
769 297 1202 367 εῖωνΑΒΠΜ,
1254 299 1399 346 Lm.
1450 296 1503 345 1.
1668 280 1790 352 445

303 420 333 451 α
355 398 599 475 Excepi,
624 398 852 472 fovique
871 395 1024 466 sinu3
1045 414 1151 450 nec
1166 392 1305 449 colla‘
1323 409 1606 468 genasque

305 507 338 535 α
356 486 621 548 Comere,
637 500 745 537 nec
771 480 963 556 pingui
981 480 1195 534 crinem
1218 474 1498 534 deducere
1526 492 1744 530 amomo

306 588 337 617 α
359 565 610 622 Cessavit
627 586 778 632 mea,
797 578 956 643 nate,
979 583 1175 619 manus
1196 580 1210 616 ε
1232 559 1370 616 mihi
1394 557 1571 615 dulcis
1584 558 1766 632 imago

307 673 339 702 α
361 649 641 706 Prosiluit.
667 648 842 705 Celsae
855 648 1059 724 procul
1086 646 1278 721 aspice
1297 643 1502 701 frontis
1520 643 1763 698 honores
1783 663 1807 709 ,-

307 758 340 787 κ
359 736 804 811 Suggestumque
827 751 1033 803 eomae;
1060 732 1249 789 Latias
1273 729 1471 785 metire
1496 726 1637 804 quid
1663 728 1806 781 ultra

305 842 336 872 α
359 821 612 876 Emineat
638 818 884 877 matres?
907 830 1181 894 quantum
1197 813 1431 871 Latonia
1451 811 1735 889 nymphas

309 928 340 958 α
361 905 544 980 Virgo
558 906 764 982 premit
778 942 801 972 ,
817 915 1199 979 quantumque
1226 912 1445 974 egomet¹
1460 894 1735 954 Nereidas

535 1001 713 1045 exsto.

308 1100 338 1130 α
358 1078 495 1132 Haec
512 1087 569 1130 et
586 1069 837 1128 caeruleis
863 1088 1086 1127 mecum
1104 1083 1437 1142 consurgere
1454 1063 1622 1139 digna

314 1185 345 1212 α
369 1155 664 1215 Fluctibus
680 1196 695 1223 ‚
719 1165 777 1211 et
799 1164 992 1210 nostra
1017 1150 1205 1227 potuit
1239 1146 1524 1204 considere
1546 1143 1764 1201 concha
1789 1165 1806 1216 3

288 1316 291 1317 ⁷
315 1267 346 1297 ι(
368 1246 442 1299 Et
464 1241 511 1298 si
533 1239 886 1296 flammiferas
910 1235 1187 1311 potuisset
1202 1230 1474 1288 scandere
1497 1227 1689 1298 sedes,

315 1352 346 1382 α
366 1330 594 1402 Hasque
619 1324 830 1380 intrare
858 1320 1056 1378 domos
1076 1361 1095 1392 ‚
1110 1317 1217 1394 ipsi
1238 1313 1524 1383 erraretis,
1548 1314 1804 1371 Amores.

311 1436 344 1466 «
360 1412 507 1469 Huic
526 1408 781 1488 quamvis
801 1427 1001 1465 census
1020 1403 1268 1480 dederim
1286 1401 1484 1475 largita
1503 1399 1698 1463 beatos
1713 1438 1733 1468 ‚

315 1495 553 1558 «Vincit
578 1514 714 1572 opes
733 1493 939 1550 animo·
957 1489 1228 1566 Queritur
1252 1493 1365 1559 jam
1391 1486 1554 1542 Seras
1571 1501 1771 1541 avaros

312 1604 343 1635 κ
356 1585 431 1640 Au
437 1593 658 1658 gustum
670 1579 936 1656 spoliasse
951 1593 1147 1632 nemus
1161 1615 1178 1641 ,
1200 1570 1618 1646 Clymeneaque

525 1666 721 1722 deesse

317 1773 347 1804 e
362 1749 624 1808 Germina
637 1790 655 1818 ‚
672 1768 776 1805 nec
798 1745 1010 1820 virides
1029 1744 1163 1802 satis
1183 1739 1529 1817 illacrymare
1553 1754 1804 1793 sorores:

234 1828 243 1836 ⁰
311 1857 344 1887 α
363 1833 585 1892 Vellera
601 1830 834 1910 Sidonio
857 1833 970 1907 jam
999 1847 1183 1905 pauca
1196 1826 1499 1881 rubescere
1514 1822 1645 1877 tabo
1661 1860 1677 1890 ‚

313 1941 346 1971 α
365 1918 630 1994 Raraque
655 1914 916 1991 longaevis
939 1912 1165 1971 nivibus
1193 1907 1453 1985 crystalla
1468 1904 1658 1983 gelari.

315 2025 346 2056 c<
366 2002 509 2062 Huic
521 2005 798 2059 Hermum
816 2042 833 2072 ‚
861 1987 1128 2075 fulvofque
1141 2000 1361 2070 Tagum
1380 1991 1685 2048 decurrere

316 2198 346 2229 α
367 2171 389 2254 (
406 2178 521 2233 Nec
537 2087 682 2232 ἓξὲξ
698 2129 787 2232 'ad
816 2168 1034 2251 cultus)
1056 2168 1189 2226 huic
1210 2131 1355 2224 Inda
1370 2162 1600 2220 monilia

531 2262 806 2319 Glaucum
822 2301 838 2327 ‚

311 2372 347 2399 <c
361 2348 709 2441 Proteaque,
732 2356 902 2418 atque
925 2359 1147 2397 omnem
1167 2335 1419 2396 Nereida
1432 2341 1684 2411 quaerere

314 2539 344 2569 α
362 2449 972 2570 Ηοηοῗίεῗίιεεεεᾘοοε
988 2506 1222 2565 vidisses
1236 2546 1252 2575 ‚
1280 2501 1487 2560 Phoebe
1502 2544 1520 2571 ,
1543 2519 1652 2578 per

455 2639 465 2649 .
533 2615 694 2672 agros
723 2635 741 2665 9
998 2624 1031 2653 ο

313 2709 343 2739 «
360 2687 591 2741 Erraret
615 2676 857 2755 Daphne
870 2679 1068 2731 secura
1094 2696 1107 2727 ι
1132 2672 1191 2727 in
1208 2672 1396 2728 littore
1414 2668 1556 2725 Naxi

314 2793 343 2822 ι(
375 2766 657 2830 Theseum
680 2764 838 2837 juxta
856 2758 1007 2818 foret
1033 2755 1153 2812 haec
1172 2765 1476 2829 conspecta
1500 2748 1679 2807 cubile
1693 2790 1709 2819 ‚

256 2842 264 2847 ’
320 2877 350 2905 α
369 2848 620 2908 Gnosida
637 2847 914 2903 desertam
928 2843 1203 2919 profugus
1213 2837 1466 2913 liquisset
1485 2848 1541 2891 et
1559 2836 1731 2892 Evan.
1765 2892 1769 2900 ,
1822 2862 1827 2868 -

321 2959 350 2989 α
366 2936 534 3007 Quod
555 2932 662 2989 nisi
684 2950 774 2987 me
799 2927 979 3005 longis
1002 2925 1278 3003 placasset
1302 2922 1340 2977 J
1344 2940 1456 2977 uno
1481 2916 1724 2995 querelis
1751 2959 1767 2988 ‚

321 3044 350 3074 e
372 3017 566 3078 Falsus
587 3017 722 3076 huic
746 3031 962 3093 pennas
989 3025 1047 3068 et
1072 3028 1283 3070 cornua
1303 3020 1551 3066 sumeret
1575 3006 1759 3065 aethrae
