2079 3613
276 225 363 283 60
575 226 1015 293 THEBAIDOS,
1069 227 1211 273 LIB.
1264 227 1379 275 111.
1483 238 1583 297 104

277 330 474 401 Augur
495 337 674 381 amate
695 325 873 382 Deis?
896 342 1013 377 non
1042 332 1098 377 te
1118 321 1362 378 coelestia
1391 322 1603 379 frustra

276 418 514 475 Edocuit
531 461 547 490 ‚
578 420 849 493 lauroque
872 436 967 471 sua
986 415 1246 490 dignatus
1266 416 1472 493 Apollo
1494 431 1574 473 est
1591 460 1606 487 ,

273 513 344 569 Et
368 533 655 570 nemorum
677 509 917 566 Dodona
942 527 1147 582 parens
1163 552 1178 579 ‚
1204 510 1476 586 Cyrrhaea
1505 509 1777 589 virgoque

272 606 524 663 Audebit
552 606 724 662 tacito
751 599 992 677 populos
1017 602 1361 680 suspendere
1381 603 1604 661 Phoebo.

273 697 435 769 Nunc
463 713 689 772 quoque
712 691 986 749 Tartareo
1006 692 1242 750 multum
1263 693 1474 752 divisus
1495 698 1723 752 Averno

273 789 519 867 ElysiaS,
552 787 607 856 i,
639 806 806 863 carpe
834 785 1025 864 plagas
1048 807 1061 842 ε
1088 786 1184 844 ubi
1203 787 1457 844 manibus
1484 788 1602 845 axis

271 880 464 938 Invius
487 877 750 956 Ogygiis,
781 901 882 937 nec
908 881 1083 937 sontis
1108 880 1299 957 iniqua
1326 879 1581 957 Tyranni

270 979 301 1030 J
304 993 425 1029 ussa
447 970 655 1030 valent.
678 974 898 1030 Durant
918 973 1164 1044 habitus,
1186 988 1242 1030 et
1261 975 1506 1031 membra
1527 977 1776 1034 cruentis

271 1064 544 1122 Inviolata
572 1063 740 1133 seris;
767 1063 1034 1142 nudoque
1062 1065 1165 1122 sub
1191 1084 1294 1122 axe
1319 1067 1602 1141 jacentem

270 1159 343 1214 Et
369 1175 594 1226 nemuS‚
621 1169 676 1213 et
707 1156 878 1212 tristis
902 1156 1197 1213 volucrum
1223 1156 1534 1213 reverentia
1564 1169 1770 1214 servat.

344 1253 423 1305 At
463 1262 650 1324 nuptae
689 1247 1008 1319 exanimes,
1052 1246 1331 1323 puerique
1356 1288 1372 1317 ,
1409 1247 1649 1324 aegrique

419 1353 682 1416 parentes

272 1424 547 1482 Moenibus
581 1425 743 1480 effusi
766 1446 873 1500 per
896 1424 1093 1501 plana,
1118 1443 1223 1498 per
1248 1423 1396 1480 invia
1414 1466 1429 1493 ‚
1458 1425 1666 1498 passim

271 1509 519 1585 Quisque
542 1531 666 1568 suas
680 1510 830 1566 avidi
849 1510 923 1566 ad
936 1509 1197 1566 lacrimas
1214 1509 1526 1565 miserabile
1544 1522 1777 1566 currunt
1859 1520 1864 1521 ’

272 1597 578 1652 Certamen
603 1618 614 1649 :
643 1616 785 1672 quos
811 1595 982 1651 densa
1008 1594 1186 1670 gradu
1211 1594 1546 1652 comitantur
1574 1608 1778 1652 euntes

271 1679 444 1737 Miltia
469 1681 686 1737 solandi
712 1679 932 1746 studi03
959 1699 1090 1756 pars
1115 1679 1291 1737 visere
1316 1681 1547 1756 flagrant

271 1765 447 1823 Unius
471 1779 597 1823 act-a
622 1764 761 1837 viri,
791 1778 849 1821 et
874 1776 1065 1821 tantos
1093 1764 1152 1820 in
1176 1777 1339 1823 nocte
1366 1765 1608 1822 labores.

267 1853 475 1910 Fervet
521 1852 632 1908 iter
672 1850 884 1927 gemitu
911 1893 927 1922 ‚
977 1863 1033 1906 et
1081 1850 1438 1928 plangoribus
1488 1871 1622 1907 arva

415 1938 746 2016 reclamant.

264 2027 503 2081 utmero
530 2021 772 2080 infames
797 2022 1084 2099 scopuIOS‚
1110 2023 1417 2098 silvamque
1459 2016 1774 2078 nefandam

216 2169 227 2182 ἱ
268 2109 634 2184 Perventum,
663 2129 772 2164 ceu
794 2108 943 2164 nulla
965 2108 1119 2184 prius
1145 2110 1387 2164 lamenta
1406 2150 1422 2179 .,
1452 2128 1561 2164 nec
1591 2104 1701 2162 atri

218 2181 584 2254 ‘Manassent
608 2192 815 2250 imbres
833 2236 848 2264 ‚
879 2193 958 2251 sic
986 2215 1081 2251 ore
1106 2194 1446 2250 miserrimus
1481 2212 1595 2249 uno

211 2277 214 2279 ’
252 2269 529 2346 Exoritur
552 2281 769 2355 fragor,
799 2294 1142 2357 aspectuque
1174 2299 1409 2336 accensa
1439 2290 1674 2334 cruento

266 2362 460 2421 Turba
482 2364 638 2420 furit.
663 2365 785 2421 Stat
809 2365 1110 2444 sanguineo
1137 2364 1393 2420 discissus
1420 2363 1625 2418 amictu

262 2449 478 2505 Luctus
499 2462 684 2522 atrox,
715 2469 965 2529 caesoque
989 2450 1192 2507 invitat
1215 2460 1452 2524 pectore
1479 2457 1710 2502 matreS.

261 2534 592 2592 Scrutantur
629 2538 814 2614 galeas
851 2538 1159 2613 frigentum
1183 2576 1199 2605 ,
1241 2532 1580 2610 inventaque

411 2635 721 2679 monstrant

262 2710 516 2785 Corpora
530 2751 547 2781 .,
569 2709 858 2784 prociduae
876 2727 1047 2784 super
1069 2719 1443 2777 externosque
1460 2742 1475 2770 ‚
1501 2720 1766 2778 suosque.

262 2796 363 2849 Hae
385 2808 636 2871 pressant
661 2783 878 2850 in'tabe
906 2810 1096 2847 comas
1120 2808 1136 2843 ε
1163 2788 1250 2843 hae
1273 2786 1483 2842 lumina
1508 2787 1728 2864 signant
1748 2831 1766 2859 ‚

259 2877 616 2957 Vulneraque
660 2880 772 2936 alta
809 2875 1043 2954 replent
1079 2873 1347 2931 lacrimis.
1388 2874 1521 2929 Pars
1560 2873 1777 2948 spicula

412 2964 615 3023 dextra
828 2965 845 2976 ⁴
