2079 3613
416 306 486 381 76
661 299 1095 365 THEBAIDOS,
1150 303 1291 351 LIB.
1345 306 1420 352 V.
1559 265 1564 266 γ
1656 317 1777 377 ιι7

281 424 311 455 «
331 402 535 458 Eruere
552 441 566 470 ,
594 411 646 456 et
673 419 872 457 saevam
895 396 1159 476 bellando
1180 398 1430 473 frangere
1460 409 1700 471 gentem.

355 510 385 540 ι(
405 487 663 562 Cumque
684 487 886 543 domus
914 498 1107 542 contra
1124 483 1491 559 ,stantesque
1511 483 1568 540 in
1585 484 1775 545 littore

497 573 615 627 nati
632 615 647 642 ,

279 682 307 712 «
319 658 549 717 Dulcius
561 657 849 716 OEdonias
860 659 1093 729 hiemes,
1109 660 1436 734 Arctonque
1447 651 1777 716 frementem

279 768 308 797 «
327 743 605 819 Excipere
622 786 640 812 ,
666 757 762 800 aut
790 744 1015 800 tandem
1045 743 1212 799 tacita
1243 756 1369 818 post
1396 741 1582 819 praelia
1607 757 1773 801 nocte

276 852 306 881 ι(
325 835 650 886 Fractorum
675 828 886 884 subitas
914 841 1227 885 torrentum
1252 826 1443 885 audire
1469 829 1678 884 ruinas.

277 937 305 965 t<
326 913 444 970 111ae
469 926 657 982 autem
681 914 868 969 tristes
894 911 1057 991 (nam
1085 934 1172 968 me
1195 924 1332 969 tunc
1355 913 1535 993 libera
1550 913 1699 969 curis

276 1024 304 1053 «
323 999 667 1075 VirginitaS,
691 999 936 1074 annique
960 996 1189 1074 tegunt)
1219 1000 1321 1053 sub
1348 1012 1548 1070 nocte,
1574 1000 1771 1076 dieque

273 1108 303 1150 (ς
324 1085 578 1139 Assiduis
604 1101 743 1156 aegre
770 1083 1029 1157 lacrymis
1047 1123 1063 1151 ,
1097 1081 1331 1136 solantia
1355 1084 1594 1141 miscent

276 1193 304 1223 κ
325 1167 618 1242 Colloquia
639 1207 655 1236 ‚
694 1176 790 1222 aut
820 1186 1022 1225 saevam
1048 1178 1306 1243 spectant
1330 1179 1485 1224 trans
1512 1187 1735 1244 aequora

489 1252 767 1309 Thracen.

346 1363 375 1392 «
399 1335 491 1393 Sol
508 1357 743 1414 operum
762 1335 980 1393 medius
997 1357 1209 1394 summo
1229 1337 1470 1393 librabat
1489 1337 1732 1416 Olympo

273 1448 301 1476 κ
319 1426 600 1479 Lucentes
614 1465 629 1494 ‚
651 1443 758 1479 ceu
778 1436 948 1479 staret
962 1465 976 1492 ‚
1000 1441 1197 1500 equos.
1218 1423 1433 1495 ‘Quater
1448 1444 1549 1479 axe
1571 1437 1768 1481 sereno
1793 1477 1798 1483 .

273 1533 300 1562 α
323 1505 574 1569 Intonuit
600 1531 612 1564 ε
636 1520 839 1585 quater
864 1521 1023 1565 antra
1050 1510 1152 1565 Dei
1179 1509 1447 1564 fumantis
1474 1509 1734 1566 anhelos·

271 1617 303 1672 «-
320 1597 628 1651 Exseruere
647 1594 866 1670 apice53
894 1595 1192 1670 ventisque
1209 1593 1533 1650 absentibus
1547 1636 1564 1665 ,
1582 1595 1767 1672 AEgon

271 1703 299 1731 κ
318 1682 537 1748 Motus,
568 1691 623 1733 et
647 1678 861 1754 ingenti
887 1680 1165 1754 percussit
1188 1678 1376 1735 littora
1402 1694 1612 1756 ponto:

175 1751 186 1759 ⁸
270 1784 299 1816 κ
319 1763 466 1816 Cum
490 1761 672 1819 subito
696 1761 1005 1820 horrendas
1029 1765 1128 1822 aevi
1154 1776 1369 1820 matura
1395 1764 1605 1843 Polyxo

271 1869 300 1898 κ
320 1842 557 1900 Tollitur
580 1847 639 1899 in
662 1847 861 1915 furias,
890 1850 1261 1922 thalamisque
1286 1851 1502 1909 insueta
1522 1850 1728 1907 relictis

269 1953 297 1983 «
317 1928 538 1987 Evolat.
566 1931 769 1985 Insano
798 1930 971 1987 veluti
998 1931 1338 1986 Theumesia
1361 1931 1555 2006 Thyas

267 2040 296 2070 «
315 2017 504 2091 Rapta
522 2019 645 2072 Deo
658 2057 673 2087 ,
692 2034 819 2072 cum
837 2036 991 2087 sacra
1016 2030 1224 2075 vocant
1240 2059 1256 2088 ‚
1282 2017 1542 2094 Idaeaque
1563 2023 1763 2083 suadet

267 2126 295 2155 ι(
314 2104 502 2158 Buxus
518 2143 534 2172 ,
564 2115 619 2158 et
644 2124 673 2157 a
700 2104 927 2160 summis
953 2102 1178 2160 auditus
1203 2103 1486 2160 montibus
1512 2106 1700 2164 Evan:

264 2211 293 2240 κ
313 2188 405 2244 Sic
431 2201 614 2244 erecta
641 2209 811 2265 genas
828 2232 844 2260 ,
873 2192 1165 2266 aciemque
1195 2190 1366 2246 effusa
1385 2233 1401 2261 ,
1433 2194 1698 2249 trementi

263 2298 292 2328 «
312 2275 615 2351 Sanguine,
646 2278 923 2332 desertam
956 2276 1168 2332 rabidis
1192 2274 1531 2331 clamoribus
1559 2279 1757 2339 urbem

263 2385 291 2414 «
310 2362 596 2434 Exagitat‚
619 2361 943 2437 clausasque
972 2365 1191 2432 domm,
1220 2375 1273 2418 et
1290 2362 1482 2418 limina
1502 2365 1758 2439 pulsam,

261 2469 289 2497 «
311 2444 622 2499 Consilium
643 2457 829 2502 vocat.
852 2447 1053 2502 Infelix
1074 2446 1370 2503 comitatus
1385 2490 1403 2518 ,
1428 2449 1579 2505 eunti

260 2557 291 2586 <c
310 2530 609 2587 Haerebant
633 2531 774 2584 nati.
798 2534 986 2606 Atque
1012 2533 1118 2587 illae
1142 2553 1254 2587 non
1281 2535 1502 2609 segnius
1528 2556 1722 2596 omnes
1805 2576 1811 2583 ·

258 2642 288 2672 «
308 2619 623 2690 Erumpunt
642 2613 829 2681 tectis,
856 2634 1206 2689 summasque
1233 2616 1305 2669 ad
1329 2617 1580 2674 Palla‘dos
1601 2642 1756 2680 arces

257 2705 579 2778 «Impetus.
616 2699 745 2756 Huc
780 2717 1025 2774 propere
1063 2696 1370 2774 stipamur,
1409 2711 1467 2776 et
1504 2702 1701 2764 ordine

421 2838 427 2844 .
472 2783 630 2842 nullo

257 2873 620 2946 «Congestae.
649 2869 861 2925 Stricto
889 2888 1020 2925 mox
1048 2887 1177 2925 ense
1195 2909 1211 2940 ‚
1242 2868 1462 2924 silentia
1485 2871 1646 2946 jussit

244 2982 286 3012 2«
302 2955 924 3026 Hortatrixscelerum,
955 2967 1013 3013 et
1036 2954 1223 3018 medio
1258 2954 1339 3014 sic
1365 2975 1496 3015 ausa
1528 2963 1746 3038 profari

473 3053 556 3100 est
580 3058 594 3095 ε
