2079 3613
513 270 616 323 πει
715 262 1164 330 ΤΗΕΒΑῙΒοε,
1215 267 1355 314 mn.
1404 267 1511 315 xl.
1654 252 1770 313 331

293 383 324 414 α
343 361 747 436 Finitimusque
775 358 996 439 Dryas?
1021 360 1118 417 ubi
1138 357 1419 416 Phocidos
1442 377 1594 414 arma

512 466 719 504 sonorae
738 485 755 516 ‚

287 554 319 584 α
340 527 689 608 Euboicique
718 529 934 589 duces?
959 530 1092 588 Illos
1117 542 1306 586 tamen
1331 549 1487 605 aequa
1508 525 1681 586 duelli

288 637 319 668 «
338 618 465 672 Sors
492 617 616 675 tulit
643 616 716 673 ad
738 637 949 692 manes.
973 619 1059 679 ‚At
1086 628 1148 671 tu
1179 613 1425 694 (pudet)
1449 613 1631 671 hostia

499 704 657 779 regni
674 745 690 773 ‚
809 712 813 718 '
1124 729 1128 733 ·

286 809 315 838 α
336 787 530 843 Hostia
546 829 562 857 ‚
590 801 753 860 nate,
779 790 962 864 jaces,
985 807 1093 845 ceu
1118 798 1303 844 mutus
1327 797 1385 843 et
1411 806 1441 842 e
1466 804 1635 864 grege

501 874 745 950 sanguis.

283 982 312 1010 α
332 959 439 1013 Hei
468 958 605 1015 mihi
629 957 886 1034 primitiis
907 977 1188 1012 armorum
1208 999 1222 1025 ‚
1247 970 1302 1013 et
1330 956 1436 1012 rite
1459 957 1676 1012 nefasto

282 1066 311 1092 ιι
331 1041 563 1098 Libatus
583 1085 598 1110 ,
624 1045 916 1118 jussusque
943 1039 1111 1096 mori!
1143 1052 1202 1096 et
1224 1040 1584 1096 cunctabitur
1604 1038 1748 1094 ultra

281 1150 310 1179 α
331 1130 461 1194 Iste,
487 1125 880 1195 nec‚.adverso
905 1144 1060 1181 nunc
1086 1123 1284 1178 saltem
1311 1127 1496 1178 Marte
1524 1136 1771 1191 vocatus,

278 1233 310 1263 α
331 1210 545 1267 Stabit!
578 1232 650 1266 an
674 1211 730 1266 in
759 1228 972 1286 pugnas
998 1210 1169 1265 alium
1202 1210 1357 1280 jubet
1388 1209 1471 1263 ire
1511 1210 1782 1283 profanus

278 1319 310 1348 α
330 1296 574 1354 Tiresias
593 1341 611 1364 ,
638 1296 949 1372 iterumque
976 1315 1133 1351 meos
1158 1293 1383 1350 oracula
1411 1291 1589 1349 neclit

277 1403 307 1432 α
329 1384 395 1456 ln
423 1382 699 1457 gemitus?
724 1383 862 1459 quid
887 1380 1037 1437 enim
1057 1386 1079 1435 ’ὲ
1103 1380 1304 1436 misero
1331 1399 1501 1455 super
1527 1377 1723 1434 unicus

505 1469 753 1523 Hoemon.

275 1575 304 1603 α
329 1549 430 1609 Ille
469 1551 599 1627 jube
634 1553 861 1622 subeat3
892 1559 1065 1626 tuque
1096 1549 1230 1605 hinc
1257 1560 1546 1623 spectator
1568 1546 1640 1601 ab
1668 1545 1778 1602 alta

276 1658 303 1687 κ
328 1636 508 1704 Turre
534 1636 684 1692 sede.
714 1635 867 1708 Quid
892 1656 1032 1692 saeva
1067 1631 1307 1690 fremis?
1333 1632 1709 1707 famulamque

502 1719 793 1775 cohortem

275 1842 305 1872 a
324 1818 681 1895 Respectas'?
705 1818 760 1873 hi
781 1831 838 1874 te
858 1817 938 1873 ire
959 1816 1159 1873 volunt
1178 1836 1193 1886 3
1216 1816 1278 1872 hi
1300 1813 1547 1890 pendere
1564 1835 1778 1892 poenas.

277 1928 305 1959 α
326 1906 456 1981 Ipsa
471 1905 645 1980 ‘etiam
676 1903 914 1981 genitrix
937 1945 953 1973 ‚
984 1901 1231 1977 ipsaeque
1257 1902 1429 1957 odere
1455 1919 1689 1957 sororeS.

269 2010 300 2039 α
325 1990 392 2044 In
411 2002 466 2045 te
495 1990 698 2046 ardens
723 1990 899 2046 frater
917 2032 935 2056 ‚
964 1986 1183 2044 ferrum
1207 1998 1563 2063 mortemque

495 2076 772 2147 minatur,
923 2144 930 2152 .

275 2195 307 2225 «
325 2173 589 2248 Saevaque
617 2188 907 2296 pzftarum
935 2170 1202 2230 convellit
1227 2168 1500 2241 claustra,
1528 2189 1631 2227 nec

487 2257 684 2314 audis.
714 2285 740 2312 »

342 2352 432 2409 Sic
459 2366 623 2426 pater
639 2354 962 2410 infrendens
981 2394 998 2422 ,
1026 2356 1345 2429 miseraque
1375 2365 1643 2411 exaestuat
1668 2353 1768 2411 ira.

267 2436 370 2494 Ille
396 2436 503 2491 sub
526 2436 682 2491 hoec:
716 2460 746 2489 <c
766 2441 891 2493 Non
916 2437 1093 2508 falHS,
1124 2438 1201 2493 ait
1219 2479 1235 2508 ,
1262 2456 1367 2494 nec
1394 2449 1447 2493 te
1474 2436 1687 2514 inclyta

490 2534 611 2575 nau

270 2641 299 2672 α
319 2621 451 2673 Fata
479 2626 724 2672 movent.
753 2615 972 2671 Canen-e
1000 2616 1093 2671 ina
1118 2628 1340 2694 patrem
1362 2655 1378 2686 ‚
1408 2628 1464 2671 et
1485 2617 1702 2689 jactare

492 2701 772 2757 decebat:
1440 2726 1445 2729 -

271 2826 301 2856 t<
322 2799 429 2856 Sed
454 2819 577 2877 spes
604 2797 706 2855 sub
728 2795 994 2874 lacrymis
1010 2839 1026 2869 ,
1060 2816 1184 2876 spes
1209 2808 1377 2873 atque
1402 2794 1622 2854 occulta

492 2885 701 2962 cupido
755 2880 758 2883 ¹

275 3006 304 3037 α
324 2984 426 3041 His
449 2983 613 3042 latet:
642 2985 839 3044 insano
862 2985 1163 3065 praetendis
1188 2987 1385 3044 funera
1415 2997 1548 3043 voto
1566 3027 1582 3058 ,
