2079 3613
506 310 611 369 772
748 285 1195 348 THEBAIDOS,
1249 286 1390 345 ΜΒ.
1441 288 1546 335 1v.
1744 297 1766 334 ι
1789 296 1809 334 1
1834 296 1857 334 ι

377 415 404 444 «
426 388 542 448 Scit
561 391 725 446 Deus,
750 388 822 444 Et
839 384 999 442 nobis
1023 393 1263 461 regnum
1283 394 1474 438 tamen
1491 421 1508 451 ,
1538 391 1597 437 et
1621 391 1783 457 pater

516 474 833 551 ingens.....'

375 593 402 622 α
425 569 534 625 Sed
560 566 697 644 quid
729 586 834 645 ego
869 564 1022 622 boec?
1048 565 1338 638 fessosque
1375 555 1583 635 optatis
1610 553 1884 610 demoror-

514 652 681 711 undis
699 694 717 722 ,

374 769 401 799 «
426 748 653 814 Mecum
678 764 779 822 age
805 762 959 800 nunc
990 759 1005 798 ι
1035 741 1084 798 si
1105 742 1253 799 forte
1280 736 1429 796 vado
1449 731 1674 808 ‚Langia

514 849 796 912 perennes

373 948 401 977 «
423 925 614 981 Servat
639 941 833 999 aquas.
851 921 1003 977 Solet
1025 932 1085 975 et
1103 916 1294 994 rapidi
1309 913 1414 972 sub
1429 912 1666 973 fulmine
1686 905 1875 966 cancri

375 1038 404 1068 ε(
427 1017 686 1090 Semper,
718 1025 775 1068 et
803 1011 971 1067 Icarii
995 1008 1251 1084 quamvis
1278 1006 1413 1082 juba
1437 1003 1678 1079 fulgeret
1703 997 1872 1068 astri,

300 1175 321 1193 l
370 1132 399 1160 «
419 1109 510 1163 Ire
536 1119 775 1161 tamen.»
796 1102 972 1159 Simul
986 1083 1298 1156 haerentem
1315 1139 1332 1168 ,
1354 1114 1427 1150 ne
1443 1093 1607 1150 tarda
1631 1091 1874 1167 Pelasgis

363 1199 495 1255 Dux
519 1199 683 1266 foret,
711 1192 812 1251 ah!
834 1192 1103 1249 miserum
1127 1189 1314 1248 vicino
1348 1183 1561 1262 cespite
1590 1182 1872 1239 alumnum

369 1286 494 1367 (Sic
519 1291 700 1345 Parcae
725 1283 989 1362 voluere)
1015 1284 1165 1341 locat
1180 1326 1196 1355 ,
1224 1279 1501 1359 ponitque
1526 1286 1828 1353 negantem

366 1375 625 1433 Floribus
650 1373 913 1453 aggestiS,
942 1384 999 1428 et
1025 1372 1205 1427 amico
1232 1384 1517 1424 murmure
1544 1362 1739 1419 dulces

365 1461 487 1519 Sola
497 1476 586 1519 tur
609 1462 905 1540 lacrymaS.
932 1457 1133 1531 Qualis
1156 1451 1530 1531 Berecynthia
1554 1464 1736 1506 mater
1751 1490 1769 1519 ,

306 1547 321 1553 “
364 1549 515 1604 Dum
538 1538 687 1604 circa
711 1564 946 1622 parvum
971 1543 1131 1617 jubet
1158 1539 1437 1598 exsultare
1462 1537 1783 1591 Tonantem

366 1632 602 1688 Curetas
629 1628 882 1708 trepidos
905 1646 923 1684 z
950 1625 1035 1694 illi
1062 1624 1335 1684 certantia
1355 1617 1633 1697 plaudunt

363 1716 535 1794 Orgia
550 1761 566 1785 ,
595 1715 691 1773 sed
716 1713 935 1789 magnis
958 1723 1188 1769 resonat
1211 1706 1488 1784 vagitibus
1513 1705 1642 1761 Ide.

366 1801 446 1855 At
470 1820 612 1874 puer
636 1799 697 1854 in
723 1798 934 1874 gremio
961 1817 1150 1853 vernae
1176 1794 1420 1863 telluriS,
1449 1803 1506 1848 et
1532 1790 1648 1847 alto

363 1883 656 1951 Gramine,
683 1901 835 1937 nunc
857 1881 1045 1937 faciles
1062 1879 1260 1934 sternit
1280 1875 1649 1950 procursibus
1665 1871 1869 1928 herbas

362 1968 434 2022 In
459 1966 680 2023 vultum
705 1965 893 2020 nitens
917 1982 932 2018 z
955 1981 1144 2020 caram
1162 1958 1333 2015 modo
1360 1957 1523 2012 lactis
1549 1975 1727 2030 egeno

358 2052 655 2109 Nutricem
676 2052 940 2126 clangore
969 2038 1163 2119 ciens,
1187 2047 1503 2120 iterumque
1528 2038 1827 2112 renidens,

358 2139 432 2195 Et
454 2137 661 2194 teneris
687 2136 961 2193 meditans
987 2135 1164 2192 verba
1194 2129 1505 2189 illuctantia
1529 2129 1699 2186 labris
1716 2170 1733 2199 ,

357 2221 594 2280 Miratur
614 2240 907 2278 nemorum
930 2221 1225 2297 strepituS,
1256 2230 1352 2274 aut
1379 2216 1546 2274 obvia
1575 2214 1788 2291 carpit,

359 2310 476 2364 Aut
491 2307 686 2384 patulo
704 2307 872 2364 trahit
897 2327 994 2363 ore
1013 2305 1165 2362 diem
1187 2301 1567 2378 :nemorisque
1587 2298 1865 2355 malorum

353 2392 598 2459 InsciuS,
627 2405 683 2448 et
710 2393 837 2448 vitae
862 2392 1099 2446 multum
1132 2407 1362 2445 securus
1385 2431 1402 2455 ‚
1428 2388 1655 2443 inerrat.

356 2477 448 2531 Sic
473 2490 630 2532 tener
654 2477 898 2555 Odrysia
927 2480 1149 2533 Mavors
1170 2475 1303 2533 nive
1322 2516 1339 2544 ,
1367 2474 1447 2531 sic
1473 2493 1618 2548 puer
1641 2470 1758 2528 ales

358 2560 591 2617 Vertice
612 2560 872 2614 Maenalio
897 2579 910 2613 z
940 2562 1067 2615 talis
1091 2581 1197 2635 per
1220 2559 1408 2615 littora
1430 2570 1665 2631 reptans

357 2642 659 2722 Improbus
679 2644 930 2720 Ortygiae
954 2645 1101 2699 latus
1126 2642 1435 2698 inclinabat
1456 2639 1674 2714 Apollo.

431 2740 519 2797 Illi
544 2761 650 2818 per
677 2738 909 2807 dumoS,
935 2750 989 2794 et
1015 2755 1199 2811 opaca
1228 2716 1779 2791 virentibus'umbris

291 2890 296 2897 .
357 2837 533 2894 Devia
558 2856 689 2911 pars
710 2833 968 2913 cingunt,
990 2850 1125 2911 pars
1145 2841 1301 2887 arcta
1323 2825 1488 2905 plebe
1509 2839 1815 2904 sequuntur
1834 2866 1853 2895 ,

357 2928 841 3004 Praecelerantque
865 2930 1088 2989 ducem.
1115 2922 1375 2982 Medium
1403 2919 1551 2982 subit
1576 2919 1669 2978 illa
1693 2940 1799 2998 per

511 3036 711 3094 agmen
