2079 3613
293 252 419 313 352
555 232 1002 322 TnEeAmos,
1055 257 1199 308 Lm.
1245 256 1387 307 ΧΠ.

382 527 748 616 LIBER
811 519 1684 612 DUODECIMUS.

289 837 589 922 Nounuu
619 876 815 920 cuncta
837 861 969 940 polo
989 859 1125 936 vigil
1147 859 1511 917 inclinaverat
1528 869 1673 913 astra

287 952 482 1019 OrtuS‚
506 962 562 1006 et
585 949 887 1005 instantem
912 967 1091 1003 cornu
1106 944 1355 1001 tenuiore
1374 940 1603 998 videbat
1673 1010 1676 1014 Α

287 1037 446 1106 Luna
472 1035 651 1090 diem:
679 1033 925 1108 trepidas
946 1029 1042 1087 ubi
1066 1032 1178 1104 jam
1203 1025 1466 1094 Tithonia
1491 1025 1672 1082 nubes

288 1119 530 1176 Discutit
544 1161 560 1189 ,
588 1139 653 1174 ac
682 1119 877 1187 reduci
897 1134 1162 1191 magnum
1176 1124 1340 1189 parat
1357 1109 1563 1167 aethera

509 1203 742 1261 Phoebo.
827 1258 830 1262 Α

338 1282 597 1365 'Agmina
617 1291 729 1363 jam
753 1285 892 1341 raris
918 1283 1132 1340 Dircaea
1155 1281 1455 1358 penatibus
1481 1293 1670 1337 errant
1693 1323 1708 1350 ,

289 1374 488 1432 Noctis
516 1384 707 1448 questa
731 1389 931 1426 moras.
961 1370 1232 1440 Quamvis
1250 1380 1381 1424 tunc
1401 1367 1517 1422 otia
1534 1365 1782 1436 tandem,

286 1465 356 1516 Et
379 1459 592 1536 primus
605 1470 730 1533 post
749 1454 890 1512 bella
910 1473 1081 1530 sopor
1098 1470 1113 1511 ε
1133 1465 1322 1508 tamen
1338 1471 1481 1527 aegra
1497 1450 1748 1526 quietem

286 1550 400 1601 Pax
424 1546 578 1621 sugat
596 1586 610 1613 ‚
635 1555 689 1597 et
716 1540 846 1599 saevi
864 1538 1119 1595 meminit
1141 1536 1371 1594 victoria
1400 1534 1554 1592 belli.

285 1633 400 1691 Vix
425 1630 608 1706 ptimo
630 1630 881 1705 proferre
904 1625 1136 1703 gradum
1152 1665 1167 1695 ‚
1193 1635 1248 1679 et
1267 1621 1575 1678 munimina
1596 1618 1729 1677 valli

287 1716 507 1771 Solvere
529 1754 546 1783 ‚
572 1713 669 1770 vix
694 1724 839 1768 totas
863 1729 1110 1766 reserare
1138 1707 1371 1764 audacia
1397 1719 1606 1782 portas.

286 1805 446 1861 Stant
472 1814 690 1860 veteres
717 1812 848 1856 ante
877 1818 970 1854 ora
995 1808 1205 1867 metm,
1230 1794 1525 1871 campique
1609 1812 1614 1816 ·

508 1884 758 1945 vacantis

285 1982 503 2037 Horror
527 1976 543 2045 ';
570 1984 631 2028 ut
651 1970 870 2050 assiduo
893 1968 1120 2044 jactatis
1141 1986 1361 2043 aequore
1392 1965 1552 2022 tellus

283 2066 465 2121 Prima
489 2059 677 2129 labat·‚
704 2056 781 2111 sic
807 2052 1030 2109 attoniti
1055 2053 1134 2108 nil
1156 2054 1408 2108 cominus
1423 2051 1503 2107 ire

283 2150 557 2208 Mirantur
574 2185 593 2214 ,
619 2144 880 2215 fusasque
900 2150 1103 2215 putant
1125 2136 1425 2213 adsurgere
1449 2149 1679 2195 turmaS.

280 2221 372 2294 Sic
398 2232 499 2289 ubi
523 2226 838 2304 prospicuae
858 2221 1228 2280 scandentem
1249 2222 1442 2278 limina
1461 2223 1630 2279 turris

282 2320 472 2378 Idaliae
499 2314 750 2374 volucres
776 2309 993 2366 fulvum
1021 2330 1296 2387 aspexere
1323 2308 1625 2363 draconem
1653 2350 1673 2377 ,

173 2454 188 2467 .
282 2410 444 2463 Intus
460 2410 627 2478 agunt
640 2408 802 2452 natos
819 2437 834 2466 ,
864 2407 920 2452 et
938 2394 1073 2451 foeta
1089 2392 1296 2450 cubilia
1316 2388 1526 2447 vallant

144 3000 201 3022 l

228 2501 237 2518 ²
283 2488 574 2568 Unguibus
592 2528 606 2555 ‚
631 2481 996 2568 imbellesque
1022 2483 1194 2538 citant
1213 2481 1284 2536 ad
1312 2476 1500 2553 praelia
1526 2494 1734 2553 pennas
1763 2493 1780 2530 z

281 2582 417 2637 Mox
439 2573 617 2632 ruerit
638 2571 772 2627 licet
799 2569 892 2625 ille
915 2580 1070 2624 retro
1088 2610 1105 2639 .,
1129 2580 1318 2623 tamen
1336 2566 1394 2619 in
1412 2570 1540 2619 aera
1567 2562 1784 2619 nudum

208 2695 211 2700 ·
283 2661 539 2722 Candida
566 2657 940 2727 turbatimet3
969 2653 1304 2728 tandemque
1327 2651 1575 2727 ingressa
1641 2691 1646 2700 .

496 2744 712 2806 volatus

282 2837 489 2891 'Horret
505 2873 520 2903 ‚
544 2841 599 2886 et
626 2850 658 2885 a
679 2826 875 2883 mediis
903 2827 1206 2882 etiamnum
1233 2819 1464 2897 respicit
1487 2818 1667 2877 astris.

354 2922 476 2978 Itur
505 2918 563 2973 in
593 2932 927 2992 exsanguem
953 2910 1261 2987 populum,
1291 2904 1536 2981 bellique

501 3014 737 3080 jacentis

1857 2897 1930 2920 .-
