2079 3613
444 282 579 396 656⁴
656 280 1132 385 “muni'mmOS,
1186 323 1329 371 mn.
1382 325 1490 372 vt.
1688 315 1812 393 169
1888 385 1896 393 .

382 423 545 478 Tunc
567 433 736 479 vocat
753 461 768 489 ‚
803 418 1003 475 emisso
1029 417 1075 474 si
1101 417 1225 494 quis
1262 420 1560 476 decernere
1587 417 1742 476 disco

308 506 589 581 Impiger,
621 518 677 561 et
703 504 850 561 vires
875 502 1012 561 velit
1038 510 1319 559 ostentare
1345 501 1635 579 superbas..

234 631 236 634 ι
305 594 362 646 It
386 593 566 666 jussus
587 589 866 658 Pterelas,
893 601 949 646 et
975 589 1172 645 ahenae
1198 588 1413 663 lubrica
1440 606 1631 644 massae

304 677 551 734 Pondera
567 721 581 738 ,
599 679 692 736 vix
714 689 835 732 toto
858 688 1124 733 curvatus
1144 694 1392 751 corpore
1420 677 1579 750 juxt-a

306 764 532 838 De-jicit.
556 766 882 838 Inspectant
900 761 1082 825 taciti,
1105 759 1542 836 expenduntque
1568 760 1818 818 laborem

306 845 626 905 Inachidae:
659 868 790 902 mox
816 847 982 903 turba
1008 860 1213 915 ruunt,
1242 844 1353 902 duo
1379 847 1559 921 gentis
1579 846 1814 918 Acheae,

309 935 452 988 Tres
471 932 874 1012 Ephyreiadae,
908 935 1027 987 Pisa
1055 945 1208 988 satus
1232 952 1406 1001 unus,
1426 934 1706 994 Acarnan

309 1017 631 1091 Septimus:
656 1029 711 1072 et
736 1017 929 1090 plures
958 1009 1205 1089 agitabat
1231 1015 1436 1088 gloria,
1463 1017 1519 1070 ni
1546 1037 1604 1073 se

312 1099 545 1156 Arduus
570 1098 999 1174 Hippomedon,
1031 1117 1201 1154 cavea
1229 1097 1576 1168 stimulante,
1603 1103 1820 1163 tulisset

314 1184 382 1238 In
401 1183 645 1252 mediOS,
673 1182 895 1258 lateque
922 1182 1100 1239 ferens
1122 1180 1226 1237 sub
1246 1195 1475 1258 pectoie
1498 1181 1695 1240 dextro

310 1268 521 1349 Orbem
554 1267 768 1326 alium:
811 1292 840 1321 «
863 1270 1030 1325 Hunc
1064 1267 1288 1344 potiuS‚
1323 1268 1598 1342 juvene5‚
1636 1270 1732 1345 qui

534 1355 736 1412 moenia
772 1355 917 1410 saxis

247 1494 254 1495 i
316 1463 345 1492 α
366 1440 684 1516 Frangere,
713 1440 811 1517 qui
838 1439 1038 1517 Tyrias
1063 1432 1344 1515 dejectum
1367 1440 1574 1499 vaditis
1599 1459 1777 1511 arces,

289 1560 290 1563 =
318 1549 345 1579 c<
365 1528 530 1582 Hunc
563 1526 825 1602 rapite.»
862 1530 956 1583 Ast
987 1525 1128 1583 illud
1159 1527 1251 1584 cui
1282 1547 1401 1621 non
1432 1526 1696 1603 jactabile

539 1609 751 1667 dextrae

310 1696 573 1765 PonduS,
604 1707 660 1751 et
685 1695 981 1774 abreptum
1007 1696 1165 1753 nullo
1196 1697 1489 1754 conamine
1516 1696 1648 1772 jecit

313 1781 385 1835 In
409 1779 571 1836 latus.
602 1780 886 1837 Absistunt
911 1781 1142 1857 procul,
1169 1782 1509 1858 attonitique
1534 1785 1783 1841 fatentur

313 1864 551 1923 Cedere.
566 1864 681 1922 Vix
701 1884 846 1920 unus
865 1866 1116 1941 Phlegias
1134 1907 1150 1936 ,
1189 1886 1434 1939 acerque
1456 1866 1820 1923 Menestheus

314 1954 470 2025 (Hos
494 1950 665 2007 etiam
688 1949 901 2027 pudor,
929 1963 989 2007 et
1008 1950 1196 2027 magni
1224 1963 1456 2006 tenuere
1482 1942 1781 2029 parentes)

299 2035 614 2092 Promisere
640 2055 883 2091 manum.
910 2034 1204 2093 Concessit
1233 2047 1429 2093 caetera
1455 2034 1637 2112 pubes

310 2121 523 2198 Sponte
548 2162 564 2193 ‚
589 2134 648 2178 et
673 2122 905 2179 adorato
932 2123 1081 2180 redit
1100 2121 1192 2179 illa
1217 2121 1452 2199 ingloria
1482 2122 1657 2180 disco·

310 2208 506 2282 Qualis
524 2197 782 2265 Bistoniis
810 2209 1049 2286 clypeus
1072 2209 1349 2267 Mavortis
1375 2210 1432 2264 in
1459 2211 1607 2268 arvis

201 2291 208 2299 ’
236 2308 239 2312 ’
311 2293 460 2348 Luce
488 2292 631 2349 mala
655 2296 888 2370 Pangaea
914 2294 1046 2351 ferit
1067 2338 1083 2366 ‚
1115 2294 1396 2369 solemque
1421 2296 1704 2370 refulgens

313 2378 559 2432 Territat
578 2418 593 2446 ‚
624 2378 950 2453 incussaque
977 2381 1087 2434 Dei
1113 2400 1281 2455 grave
1303 2380 1480 2453 mugit
1501 2379 1572 2435 ab
1598 2380 1774 2439 hasta.

384 2459 586 2516 Pisaeus
609 2457 885 2537 Phlegyas
906 2482 1048 2537 opus
1072 2463 1337 2534 inchoat,
1363 2476 1419 2520 et
1443 2463 1608 2520 simul
1624 2483 1818 2522 omnes

312 2542 562 2601 Abstulit
580 2544 639 2598 in
660 2563 718 2598 se
744 2550 942 2600 oculos
961 2546 1232 2603 exhausto
1253 2547 1312 2603 in
1335 2568 1574 2623 corpore
1596 2548 1772 2605 virtus

309 2627 600 2687 Promissa.
637 2629 725 2683 Ac
745 2628 1002 2705 'primum
1037 2641 1214 2699 terra,
1256 2630 1585 2704 discumque

538 2736 881 2793 manumque
923 2740 943 2744 ⁷⁴

309 2806 594 2879 Asperat.
624 2821 850 2859 excusso
869 2821 1003 2858 mox
1025 2821 1238 2859 cneum
1263 2802 1496 2881 pulvere
1517 2842 1535 2873 ‚
1560 2791 1749 2863 versat

309 2887 478 2961 Quod
504 2888 700 2944 latus
682 2909 744 2944 1n
770 2887 1005 2985 digitos,
1034 2888 1230 2945 mediae
1259 2888 1416 2967 quod
1443 2889 1653 2945 certius
1677 2889 1818 2949 ulnoe

313 2971 622 3029 Conveniat
651 2996 663 3028 ι
693 2993 811 3030 non
842 2974 976 3031 artis
1004 2994 1192 3052 egens·
1213 2975 1325 3033 Hic
1355 2993 1576 3050 semper
1602 2976 1780 3032 amori

315 3057 503 3111 Ludus
530 3070 680 3128 erat,
709 3060 902 3132 patriae
925 3079 1041 3117 non
1066 3072 1287 3118 tantum
1309 3060 1408 3119 ubi
1430 3056 1610 3120 laudis
1634 3058 1822 3120 obiret

437 3145 719 3205 Sumus.
1042 3202 1046 3205 Α
1533 3145 1573 3204 8
