2079 3613
456 312 564 383 284
702 311 1151 373 ΤΗῈΒΑωοε,
1205 310 1354 357 ΜΒ.
1407 310 1515 358 rv.
1745 294 1858 379 93.

319 406 593 466 Maenala:
630 406 996 465 Parthenium
1023 404 1238 482 fugitur
1269 421 1505 459 nemus:
1541 402 1762 478 agmina

548 493 700 551 bello
1289 539 1296 548 ,

319 580 621 657 Rhipeque
640 621 658 650 ‚
687 592 742 635 et
763 577 968 633 Stratie
986 619 1002 646 ‚
1029 587 1378 651 ventosaque
1402 571 1576 628 donat
1600 572 1832 647 Enispe.

330 668 457 722 Non
483 672 700 744 Tegea,
730 686 843 720 non
866 655 995 739 -ipsa
1015 665 1143 719 Deo
1164 675 1328 721 vacat
1347 659 1477 717 alite
1502 658 1638 715 felix

326 751 567 829 Cyllene
585 795 600 820 ‚
627 749 1013 827 templumque
1044 747 1199 805 Aleae
1227 745 1510 803 nemorale
1541 746 1837 814 Minervae,

329 839 400 894 Et
431 837 661 913 rapidus
691 835 881 891 Cliton
899 876 914 903 .‚
953 834 1140 909 etqui
1169 833 1299 902 tibi,
1333 832 1566 909 Pythie,
1594 828 1791 885 Ladon

332 923 493 979 Paene
520 942 709 991 socer,
742 923 1101 994 candensque
1123 918 1269 995 jugis
1292 917 1523 993 Lampia
1545 913 1784 985 nivosis,

334 1014 403 1066 Et
424 1010 677 1065 Pheneos
703 1007 863 1082 nigro
890 1009 1062 1081 Styga
1087 1008 1309 1060 mittere
1334 1002 1546 1058 credita
1567 998 1706 1058 Diti.

333 1096 513 1153 Venit
539 1104 597 1147 et
628 1092 792 1145 Idaeis
820 1089 1123 1144 ululatibus
1150 1089 1377 1143 aemulus
1403 1090 1550 1141 Azan
1570 1127 1586 1156 ,

338 1173 728 1246 Parrhasiique
761 1170 966 1240 duces,
995 1182 1049 1227 et
1074 1191 1198 1245 quae
1222 1169 1421 1226 risistis
1439 1212 1455 1236 ‚
1482 1175 1751 1239 AmoreS,

334 1264 516 1318 *Grata
541 1258 869 1335 pharetrato
898 1255 1180 1311 Nonacria
1205 1275 1336 1312 rura
1368 1253 1651 1323 Tonanti,

344 1345 521 1403 Dives
555 1357 613 1401 et
644 1342 1035 1399 Orchomenos
1069 1362 1380 1418 pecomm,
1416 1354 1472 1397 et
1506 1343 1802 1417 Cynosura

567 1432 849 1487 ferarum&

252 1524 259 1528 ’
347 1517 629 1593 AEphitios
653 1517 807 1574 idem
829 1514 996 1571 ardor
1014 1533 1177 1590 agros
1192 1527 1283 1580 ‚et
1302 1512 1587 1587 Psophida
1610 1509 1816 1567 celsam

345 1604 574 1672 Vastan,
599 1616 660 1658 et
685 1602 963 1657 Herculeo
991 1599 1247 1675 vulgatos
1273 1597 1477 1653 robore
1503 1607 1722 1649 montes
1738 1634 1754 1662 ‚
1833 1617 1840 1626 ’

348 1690 892 1763 Monstriferumque
909 1684 1313 1765 ,Erytmanthon
1328 1725 1344 1754 ‚
1383 1694 1441 1738 et
1471 1680 1770 1740 aerisonum

565 1773 961 1849 Stymphalon.

350 1860 602 1914 Arcades
627 1858 719 1924 hi,
752 1878 886 1932 gens
915 1877 1023 1911 una
1056 1857 1221 1923 viriS,
1253 1853 1355 1909 sed
1388 1852 1613 1906 dissona
1638 1850 1796 1906 cultu

344 1943 650 2002 scinditur.
676 1939 745 1994 ΗΞ
770 1939 1004 2015 Paphias
1019 1950 1238 2014 myrtos
1257 1956 1292 1990 a
1316 1936 1493 2005 stirpe
1520 1948 1851 2004 recurvant,

345 2032 417 2084 Et
442 2027 711 2104 pastorali
737 2025 1082 2082 meditantur
1107 2020 1306 2098 proelia
1339 2033 1543 2093 trunco
1568 2035 1583 2071 ε

347 2117 451 2173 His
479 2108 669 2185 arcus,
699 2114 784 2170 his
809 2113 917 2169 tela
945 2110 1151 2167 sudes:
1180 2108 1275 2165 hic
1301 2105 1511 2162 casside
1537 2105 1723 2161 crines

351 2202 560 2275 Integit
581 2244 597 2271 ,
636 2199 871 2257 Arcadii
897 2217 1111 2254 morem
1135 2208 1299 2253 tenet
1321 2191 1415 2248 isse
1439 2190 1616 2268 galeri
1636 2231 1653 2260 ‚

351 2285 454 2340 1110
480 2285 774 2361 Lycaoniae
798 2283 939 2339 rictu
968 2293 1142 2358 caput
1170 2290 1391 2355 asperat
1418 2296 1577 2333 ursae.

353 2370 477 2424 Hos
498 2369 625 2425 beth
653 2382 827 2426 coetus
845 2411 858 2437 ,
887 2371 1187 2444 jurataque
1213 2376 1448 2440 pectora
1473 2361 1670 2427 Marti,

353 2455 538 2510 Milite
564 2455 758 2530 vicinae
782 2454 936 2508 nullo
960 2455 1157 2527 juvere
1186 2452 1459 2524 Mycenae.

356 2537 633 2594 Funereae
660 2552 776 2593 tum
802 2556 1047 2610 namque
1067 2536 1266 2609 dape5‚
1295 2532 1581 2606 mediique
1606 2548 1863 2587 recursus

360 2624 504 2681 Solis
523 2666 538 2693 ‚
570 2636 627 2678 et
650 2622 746 2676 hic
773 2621 864 2676 alii
893 2621 1203 2675 miscebant
1225 2616 1421 2692 proelia
1452 2616 1671 2670 fratreS.

429 2711 669 2784 Jamque
697 2707 1036 2762 Atalantaeas
1059 2701 1319 2777 implerat
1344 2699 1572 2754 nuntius
1595 2715 1756 2752 aures

356 2799 448 2853 Ire
477 2796 681 2852 ducem
711 2792 861 2848 bello
880 2831 896 2860 ‚
926 2801 1214 2862 totamque
1240 2780 1527 2858 impellere
1553 2793 1751 2837 natum

360 2883 679 2940 Arcadiam.
707 2883 1010 2936 Tremuere
1034 2873 1240 2952 gradus
1257 2914 1272 2942 ‚
1300 2870 1595 2947 elapsaque
1619 2871 1774 2944 juxta

362 2970 515 3026 Tela.
544 2970 712 3044 Fugit
739 2965 902 3023 silvas
920 3004 936 3034 ‚
971 2960 1266 3041 pernicior*
1284 2957 1415 3014 alite
1441 2969 1623 3014 *vento
1641 2998 1657 3027 ‚

362 3056 507 3115 Saxa
532 3077 635 3134 per
656 3067 716 3113 et
739 3051 917 3130 plen-is
940 3047 1218 3108 obstantia
1243 3044 1467 3104 flumina
1489 3045 1662 3119 ripis,
