<?xml version="1.0" encoding="UTF-8"?>
<!DOCTYPE html PUBLIC "-//W3C//DTD XHTML 1.0 Transitional//EN"
    "http://www.w3.org/TR/xhtml1/DTD/xhtml1-transitional.dtd">
<html xmlns="http://www.w3.org/1999/xhtml" xml:lang="en" lang="en">
 <head>
  <title>
</title>
<meta http-equiv="Content-Type" content="text/html;charset=utf-8" />
  <meta name='ocr-system' content='tesseract 3.04.00' />
  <meta name='ocr-capabilities' content='ocr_page ocr_carea ocr_par ocr_line ocrx_word'/>
</head>
<body>
  <div class='ocr_page' id='page_1' title='image "./operaadoptimeed00statgoog/operaadoptimeed00statgoog_0345.png"; bbox 0 0 2079 3613; ppageno 0'>
   <div class='ocr_carea' id='block_1_1' title="bbox 491 290 1768 382">
    <p class='ocr_par' dir='ltr' id='par_1_1' title="bbox 491 290 1768 382">
     <span class='ocr_line' id='line_1_1' title="bbox 491 290 1768 382; baseline -0.013 -19"><span class='ocrx_word' id='word_1_1' title='bbox 491 325 603 382; x_wconf 83' lang='lat'>909</span> <span class='ocrx_word' id='word_1_2' title='bbox 736 307 1176 368; x_wconf 79' lang='lat' dir='ltr'>THEBAIDOS,</span> <span class='ocrx_word' id='word_1_3' title='bbox 1227 305 1367 351; x_wconf 79' lang='lat' dir='ltr'>Lm.</span> <span class='ocrx_word' id='word_1_4' title='bbox 1420 305 1498 352; x_wconf 78' lang='lat' dir='ltr'>x,</span> <span class='ocrx_word' id='word_1_5' title='bbox 1642 290 1768 370; x_wconf 81' lang='lat'>317</span> 
     </span>
    </p>
   </div>
   <div class='ocr_carea' id='block_1_2' title="bbox 267 394 1769 3045">
    <p class='ocr_par' dir='ltr' id='par_1_2' title="bbox 267 394 1769 3045">
     <span class='ocr_line' id='line_1_2' title="bbox 348 394 1737 483; baseline -0.007 -23"><span class='ocrx_word' id='word_1_6' title='bbox 348 424 376 453; x_wconf 84' lang='lat'><strong><em>«</em></strong></span> <span class='ocrx_word' id='word_1_7' title='bbox 402 406 666 474; x_wconf 82' lang='lat' dir='ltr'>Quaenam</span> <span class='ocrx_word' id='word_1_8' title='bbox 693 425 821 483; x_wconf 88' lang='lat' dir='ltr'>spes</span> <span class='ocrx_word' id='word_1_9' title='bbox 847 405 1138 461; x_wconf 86' lang='lat' dir='ltr'>hominum</span> <span class='ocrx_word' id='word_1_10' title='bbox 1157 398 1382 457; x_wconf 85' lang='lat' dir='ltr'>tumidae</span> <span class='ocrx_word' id='word_1_11' title='bbox 1398 410 1527 475; x_wconf 82' lang='lat' dir='ltr'>post</span> <span class='ocrx_word' id='word_1_12' title='bbox 1548 394 1737 471; x_wconf 79' lang='lat' dir='ltr'>praelia</span> 
     </span>
     <span class='ocr_line' id='line_1_3' title="bbox 494 490 1627 567; baseline 0.003 -22"><span class='ocrx_word' id='word_1_13' title='bbox 494 491 742 567; x_wconf 70' lang='lat' dir='ltr'>Phlegrae</span> <span class='ocrx_word' id='word_1_14' title='bbox 758 490 790 565; x_wconf 62' lang='grc' dir='ltr'>’ἶ</span> <span class='ocrx_word' id='word_1_15' title='bbox 1070 559 1073 562; x_wconf 15' lang='grc' dir='ltr'><strong>Δ</strong></span> <span class='ocrx_word' id='word_1_16' title='bbox 1322 535 1325 540; x_wconf 84' lang='grc'><strong>-</strong></span> <span class='ocrx_word' id='word_1_17' title='bbox 1603 545 1627 555; x_wconf 76' lang='grc'><em>,</em></span> 
     </span>
     <span class='ocr_line' id='line_1_4' title="bbox 279 566 1717 641; baseline -0.003 -18"><span class='ocrx_word' id='word_1_18' title='bbox 279 595 307 624; x_wconf 91' lang='lat'>«</span> <span class='ocrx_word' id='word_1_19' title='bbox 327 577 488 630; x_wconf 82' lang='lat' dir='ltr'>Nunc</span> <span class='ocrx_word' id='word_1_20' title='bbox 516 576 682 632; x_wconf 70' lang='lat' dir='ltr'>etiam</span> <span class='ocrx_word' id='word_1_21' title='bbox 711 575 995 633; x_wconf 76' lang='lat' dir='ltr'>feriendus</span> <span class='ocrx_word' id='word_1_22' title='bbox 1008 574 1035 631; x_wconf 71' lang='grc' dir='ltr'>ἐ’</span> <span class='ocrx_word' id='word_1_23' title='bbox 1049 598 1077 627; x_wconf 82' lang='grc'>»</span> <span class='ocrx_word' id='word_1_24' title='bbox 1105 574 1202 629; x_wconf 84' lang='lat' dir='ltr'>ait.</span> <span class='ocrx_word' id='word_1_25' title='bbox 1231 570 1441 628; x_wconf 82' lang='lat' dir='ltr'>Premit</span> <span class='ocrx_word' id='word_1_26' title='bbox 1468 566 1717 641; x_wconf 85' lang='lat' dir='ltr'>undique</span> 
     </span>
     <span class='ocr_line' id='line_1_5' title="bbox 494 663 706 719; baseline 0.014 -3"><span class='ocrx_word' id='word_1_27' title='bbox 494 663 706 719; x_wconf 84' lang='lat' dir='ltr'>lentum</span> 
     </span>
     <span class='ocr_line' id='line_1_6' title="bbox 271 737 1686 817; baseline -0.006 -16"><span class='ocrx_word' id='word_1_28' title='bbox 271 746 461 803; x_wconf 86' lang='lat' dir='ltr'>Turba</span> <span class='ocrx_word' id='word_1_29' title='bbox 487 750 667 804; x_wconf 72' lang='lat' dir='ltr'>Defim</span> <span class='ocrx_word' id='word_1_30' title='bbox 690 750 991 816; x_wconf 81' lang='lat' dir='ltr'>frendenS‚</span> <span class='ocrx_word' id='word_1_31' title='bbox 1022 760 1080 802; x_wconf 89' lang='lat' dir='ltr'>et</span> <span class='ocrx_word' id='word_1_32' title='bbox 1109 744 1218 808; x_wconf 80' lang='lat' dir='ltr'>tela</span> <span class='ocrx_word' id='word_1_33' title='bbox 1244 743 1459 800; x_wconf 86' lang='lat' dir='ltr'>ultricia</span> <span class='ocrx_word' id='word_1_34' title='bbox 1485 737 1686 817; x_wconf 87' lang='lat' dir='ltr'>poscit.</span> 
     </span>
     <span class='ocr_line' id='line_1_7' title="bbox 272 825 1679 907; baseline -0.006 -21"><span class='ocrx_word' id='word_1_35' title='bbox 272 832 324 886; x_wconf 91' lang='lat' dir='ltr'>N</span> <span class='ocrx_word' id='word_1_36' title='bbox 333 850 395 887; x_wconf 91' lang='lat' dir='ltr'>ec</span> <span class='ocrx_word' id='word_1_37' title='bbox 417 834 529 907; x_wconf 81' lang='lat' dir='ltr'>jam</span> <span class='ocrx_word' id='word_1_38' title='bbox 556 833 725 889; x_wconf 83' lang='lat' dir='ltr'>audet</span> <span class='ocrx_word' id='word_1_39' title='bbox 751 833 878 889; x_wconf 82' lang='lat' dir='ltr'>fatis</span> <span class='ocrx_word' id='word_1_40' title='bbox 904 831 1127 887; x_wconf 82' lang='lat' dir='ltr'>turbata</span> <span class='ocrx_word' id='word_1_41' title='bbox 1151 831 1423 886; x_wconf 88' lang='lat' dir='ltr'>obsistere</span> <span class='ocrx_word' id='word_1_42' title='bbox 1451 825 1679 900; x_wconf 84' lang='lat' dir='ltr'>conjux.</span> 
     </span>
     <span class='ocr_line' id='line_1_8' title="bbox 271 914 1525 991; baseline -0.002 -21"><span class='ocrx_word' id='word_1_43' title='bbox 271 918 400 991; x_wconf 85' lang='lat' dir='ltr'>Ipsa</span> <span class='ocrx_word' id='word_1_44' title='bbox 419 958 435 986; x_wconf 83' lang='lat'>,</span> <span class='ocrx_word' id='word_1_45' title='bbox 463 918 596 973; x_wconf 83' lang='lat' dir='ltr'>dato</span> <span class='ocrx_word' id='word_1_46' title='bbox 622 917 872 972; x_wconf 87' lang='lat' dir='ltr'>nondum</span> <span class='ocrx_word' id='word_1_47' title='bbox 899 915 1134 973; x_wconf 84' lang='lat' dir='ltr'>coelestis</span> <span class='ocrx_word' id='word_1_48' title='bbox 1159 914 1306 991; x_wconf 81' lang='lat' dir='ltr'>regia</span> <span class='ocrx_word' id='word_1_49' title='bbox 1330 915 1487 989; x_wconf 84' lang='lat' dir='ltr'>signo</span> <span class='ocrx_word' id='word_1_50' title='bbox 1509 953 1525 980; x_wconf 83' lang='lat'>‚</span> 
     </span>
     <span class='ocr_line' id='line_1_9' title="bbox 272 995 1707 1075; baseline -0.006 -18"><span class='ocrx_word' id='word_1_51' title='bbox 272 1003 487 1074; x_wconf 84' lang='lat' dir='ltr'>Sponte</span> <span class='ocrx_word' id='word_1_52' title='bbox 518 1015 670 1057; x_wconf 78' lang='lat' dir='ltr'>tonat</span> <span class='ocrx_word' id='word_1_53' title='bbox 693 1020 707 1054; x_wconf 75' lang='grc' dir='ltr'>ε</span> <span class='ocrx_word' id='word_1_54' title='bbox 735 1012 935 1055; x_wconf 85' lang='lat' dir='ltr'>coeunt</span> <span class='ocrx_word' id='word_1_55' title='bbox 959 1000 1093 1075; x_wconf 87' lang='lat' dir='ltr'>ipsae</span> <span class='ocrx_word' id='word_1_56' title='bbox 1118 1000 1235 1054; x_wconf 88' lang='lat' dir='ltr'>sine</span> <span class='ocrx_word' id='word_1_57' title='bbox 1259 999 1479 1052; x_wconf 86' lang='lat' dir='ltr'>flamine</span> <span class='ocrx_word' id='word_1_58' title='bbox 1503 995 1672 1050; x_wconf 83' lang='lat' dir='ltr'>nubes</span> <span class='ocrx_word' id='word_1_59' title='bbox 1691 1034 1707 1060; x_wconf 94' lang='lat'>‚</span> 
     </span>
     <span class='ocr_line' id='line_1_10' title="bbox 269 1083 1691 1161; baseline -0.006 -20"><span class='ocrx_word' id='word_1_60' title='bbox 269 1089 705 1160; x_wconf 88' lang='lat' dir='ltr'>Accurruntque</span> <span class='ocrx_word' id='word_1_61' title='bbox 731 1085 956 1141; x_wconf 82' lang='lat' dir='ltr'><strong>imbres.</strong></span> <span class='ocrx_word' id='word_1_62' title='bbox 986 1085 1202 1161; x_wconf 83' lang='lat' dir='ltr'>Stygias</span> <span class='ocrx_word' id='word_1_63' title='bbox 1224 1083 1439 1156; x_wconf 84' lang='lat' dir='ltr'>rupisse</span> <span class='ocrx_word' id='word_1_64' title='bbox 1462 1097 1691 1136; x_wconf 83' lang='lat' dir='ltr'>catenas</span> 
     </span>
     <span class='ocr_line' id='line_1_11' title="bbox 273 1162 1729 1245; baseline -0.007 -20"><span class='ocrx_word' id='word_1_65' title='bbox 273 1172 543 1245; x_wconf 80' lang='lat' dir='ltr'>Iapeton‚</span> <span class='ocrx_word' id='word_1_66' title='bbox 571 1183 666 1225; x_wconf 82' lang='lat' dir='ltr'>aut</span> <span class='ocrx_word' id='word_1_67' title='bbox 690 1171 893 1227; x_wconf 82' lang='lat' dir='ltr'>victam</span> <span class='ocrx_word' id='word_1_68' title='bbox 916 1189 1118 1244; x_wconf 84' lang='lat' dir='ltr'>supera</span> <span class='ocrx_word' id='word_1_69' title='bbox 1145 1170 1217 1224; x_wconf 86' lang='lat' dir='ltr'>ad</span> <span class='ocrx_word' id='word_1_70' title='bbox 1243 1184 1499 1223; x_wconf 84' lang='lat' dir='ltr'>convexa</span> <span class='ocrx_word' id='word_1_71' title='bbox 1530 1162 1700 1219; x_wconf 81' lang='lat' dir='ltr'>levari</span> <span class='ocrx_word' id='word_1_72' title='bbox 1724 1201 1729 1204; x_wconf 84' lang='lat'>-</span> 
     </span>
     <span class='ocr_line' id='line_1_12' title="bbox 277 1250 1682 1330; baseline -0.006 -20"><span class='ocrx_word' id='word_1_73' title='bbox 277 1252 587 1325; x_wconf 83' lang='lat' dir='ltr'>Inarimen,</span> <span class='ocrx_word' id='word_1_74' title='bbox 619 1257 911 1311; x_wconf 77' lang='lat' dir='ltr'>AEtnamve</span> <span class='ocrx_word' id='word_1_75' title='bbox 939 1267 1124 1330; x_wconf 87' lang='lat' dir='ltr'>putes.</span> <span class='ocrx_word' id='word_1_76' title='bbox 1153 1253 1331 1308; x_wconf 87' lang='lat' dir='ltr'><strong>Pudet</strong></span> <span class='ocrx_word' id='word_1_77' title='bbox 1356 1253 1458 1308; x_wconf 84' lang='lat' dir='ltr'>ista</span> <span class='ocrx_word' id='word_1_78' title='bbox 1485 1250 1682 1320; x_wconf 81' lang='lat' dir='ltr'>timere</span> 
     </span>
     <span class='ocr_line' id='line_1_13' title="bbox 273 1332 1676 1413; baseline -0.002 -22"><span class='ocrx_word' id='word_1_79' title='bbox 273 1337 567 1394; x_wconf 82' lang='lat' dir='ltr'>Coelicolas</span> <span class='ocrx_word' id='word_1_80' title='bbox 587 1358 601 1410; x_wconf 84' lang='lat'>3</span> <span class='ocrx_word' id='word_1_81' title='bbox 624 1340 725 1396; x_wconf 88' lang='lat' dir='ltr'>sed</span> <span class='ocrx_word' id='word_1_82' title='bbox 746 1360 869 1396; x_wconf 87' lang='lat' dir='ltr'>cum</span> <span class='ocrx_word' id='word_1_83' title='bbox 896 1339 952 1395; x_wconf 87' lang='lat' dir='ltr'>in</span> <span class='ocrx_word' id='word_1_84' title='bbox 978 1338 1158 1395; x_wconf 80' lang='lat' dir='ltr'>media</span> <span class='ocrx_word' id='word_1_85' title='bbox 1185 1336 1454 1413; x_wconf 81' lang='lat' dir='ltr'>vertigine</span> <span class='ocrx_word' id='word_1_86' title='bbox 1478 1332 1676 1390; x_wconf 89' lang='lat' dir='ltr'>mundi</span> 
     </span>
     <span class='ocr_line' id='line_1_14' title="bbox 272 1421 1584 1500; baseline -0.001 -23"><span class='ocrx_word' id='word_1_87' title='bbox 272 1424 432 1479; x_wconf 80' lang='lat' dir='ltr'>Stare</span> <span class='ocrx_word' id='word_1_88' title='bbox 461 1422 643 1480; x_wconf 85' lang='lat' dir='ltr'>virum</span> <span class='ocrx_word' id='word_1_89' title='bbox 662 1466 678 1495; x_wconf 87' lang='lat'><strong>‚</strong></span> <span class='ocrx_word' id='word_1_90' title='bbox 706 1426 1036 1500; x_wconf 84' lang='lat' dir='ltr'>insanasque</span> <span class='ocrx_word' id='word_1_91' title='bbox 1059 1425 1253 1481; x_wconf 83' lang='lat' dir='ltr'>vident</span> <span class='ocrx_word' id='word_1_92' title='bbox 1281 1421 1584 1499; x_wconf 89' lang='lat' dir='ltr'>deposcere</span> 
     </span>
     <span class='ocr_line' id='line_1_15' title="bbox 496 1531 747 1585; baseline -0.004 -18"><span class='ocrx_word' id='word_1_93' title='bbox 496 1531 747 1585; x_wconf 60' lang='lat' dir='ltr'>pugnam,</span> 
     </span>
     <span class='ocr_line' id='line_1_16' title="bbox 272 1590 1727 1669; baseline -0.003 -22"><span class='ocrx_word' id='word_1_94' title='bbox 272 1592 553 1650; x_wconf 82' lang='lat' dir='ltr'>Mirantur</span> <span class='ocrx_word' id='word_1_95' title='bbox 570 1597 725 1651; x_wconf 81' lang='lat' dir='ltr'>taciti</span> <span class='ocrx_word' id='word_1_96' title='bbox 743 1637 759 1665; x_wconf 83' lang='lat'>‚</span> <span class='ocrx_word' id='word_1_97' title='bbox 790 1608 843 1651; x_wconf 87' lang='lat' dir='ltr'>et</span> <span class='ocrx_word' id='word_1_98' title='bbox 871 1595 1046 1651; x_wconf 86' lang='lat' dir='ltr'>dubio</span> <span class='ocrx_word' id='word_1_99' title='bbox 1067 1615 1169 1669; x_wconf 83' lang='lat' dir='ltr'>pro</span> <span class='ocrx_word' id='word_1_100' title='bbox 1196 1593 1429 1650; x_wconf 82' lang='lat' dir='ltr'><strong>fulmine</strong></span> <span class='ocrx_word' id='word_1_101' title='bbox 1456 1590 1727 1666; x_wconf 86' lang='lat' dir='ltr'>pendent.</span> 
     </span>
     <span class='ocr_line' id='line_1_17' title="bbox 346 1678 1496 1757; baseline -0.003 -22"><span class='ocrx_word' id='word_1_102' title='bbox 346 1680 608 1753; x_wconf 78' lang='lat' dir='ltr'>Coeperat</span> <span class='ocrx_word' id='word_1_103' title='bbox 634 1681 865 1757; x_wconf 68' lang='lat' dir='ltr'>Ogygiae</span> <span class='ocrx_word' id='word_1_104' title='bbox 889 1687 1060 1755; x_wconf 63' lang='lat' dir='ltr'>supra</span> <span class='ocrx_word' id='word_1_105' title='bbox 1087 1678 1305 1754; x_wconf 79' lang='lat' dir='ltr'>fastigia</span> <span class='ocrx_word' id='word_1_106' title='bbox 1329 1679 1496 1733; x_wconf 85' lang='lat' dir='ltr'>turris</span> 
     </span>
     <span class='ocr_line' id='line_1_18' title="bbox 273 1761 1638 1841; baseline 0 -23"><span class='ocrx_word' id='word_1_107' title='bbox 273 1762 560 1820; x_wconf 83' lang='lat' dir='ltr'><strong>Arcanum</strong></span> <span class='ocrx_word' id='word_1_108' title='bbox 586 1766 802 1841; x_wconf 84' lang='lat' dir='ltr'>mugire</span> <span class='ocrx_word' id='word_1_109' title='bbox 828 1770 1021 1841; x_wconf 77' lang='lat' dir='ltr'>poluS,</span> <span class='ocrx_word' id='word_1_110' title='bbox 1052 1766 1365 1840; x_wconf 85' lang='lat' dir='ltr'>coelumque</span> <span class='ocrx_word' id='word_1_111' title='bbox 1391 1761 1638 1820; x_wconf 79' lang='lat' dir='ltr'>tenebris</span> 
     </span>
     <span class='ocr_line' id='line_1_19' title="bbox 270 1850 1769 1925; baseline 0.002 -21"><span class='ocrx_word' id='word_1_112' title='bbox 270 1851 488 1906; x_wconf 84' lang='lat' dir='ltr'>Auferri</span> <span class='ocrx_word' id='word_1_113' title='bbox 512 1870 526 1906; x_wconf 71' lang='grc' dir='ltr'>ε</span> <span class='ocrx_word' id='word_1_114' title='bbox 557 1863 704 1907; x_wconf 81' lang='lat' dir='ltr'>tenet</span> <span class='ocrx_word' id='word_1_115' title='bbox 729 1850 821 1907; x_wconf 89' lang='lat' dir='ltr'>ille</span> <span class='ocrx_word' id='word_1_116' title='bbox 851 1864 1057 1921; x_wconf 80' lang='lat' dir='ltr'>tamen,</span> <span class='ocrx_word' id='word_1_117' title='bbox 1087 1871 1226 1925; x_wconf 83' lang='lat' dir='ltr'><strong>quas</strong></span> <span class='ocrx_word' id='word_1_118' title='bbox 1252 1870 1366 1905; x_wconf 89' lang='lat' dir='ltr'>non</span> <span class='ocrx_word' id='word_1_119' title='bbox 1391 1850 1546 1906; x_wconf 88' lang='lat' dir='ltr'>videt</span> <span class='ocrx_word' id='word_1_120' title='bbox 1577 1870 1733 1908; x_wconf 74' lang='lat' dir='ltr'>arces</span> <span class='ocrx_word' id='word_1_121' title='bbox 1753 1894 1769 1921; x_wconf 85' lang='lat'>‚</span> 
     </span>
     <span class='ocr_line' id='line_1_20' title="bbox 268 1936 1692 2014; baseline 0 -22"><span class='ocrx_word' id='word_1_122' title='bbox 268 1938 318 1992; x_wconf 92' lang='lat' dir='ltr'><strong>F</strong></span> <span class='ocrx_word' id='word_1_123' title='bbox 321 1938 631 2014; x_wconf 84' lang='lat' dir='ltr'>ulguraque</span> <span class='ocrx_word' id='word_1_124' title='bbox 661 1938 861 1995; x_wconf 79' lang='lat' dir='ltr'>attritis</span> <span class='ocrx_word' id='word_1_125' title='bbox 887 1938 1106 2012; x_wconf 84' lang='lat' dir='ltr'>quoties</span> <span class='ocrx_word' id='word_1_126' title='bbox 1130 1937 1378 1992; x_wconf 85' lang='lat' dir='ltr'>micuere</span> <span class='ocrx_word' id='word_1_127' title='bbox 1400 1936 1692 2011; x_wconf 86' lang='lat' dir='ltr'>procellis:</span> 
     </span>
     <span class='ocr_line' id='line_1_21' title="bbox 350 2022 1736 2098; baseline 0.002 -22"><span class='ocrx_word' id='word_1_128' title='bbox 350 2047 380 2076; x_wconf 90' lang='lat'><strong><em>«</em></strong></span> <span class='ocrx_word' id='word_1_129' title='bbox 399 2025 500 2079; x_wconf 92' lang='lat' dir='ltr'>His</span> <span class='ocrx_word' id='word_1_130' title='bbox 518 2066 533 2094; x_wconf 90' lang='lat'>‚</span> <span class='ocrx_word' id='word_1_131' title='bbox 565 2024 675 2094; x_wconf 76' lang='lat' dir='ltr'>ait,</span> <span class='ocrx_word' id='word_1_132' title='bbox 703 2024 760 2079; x_wconf 89' lang='lat' dir='ltr'>in</span> <span class='ocrx_word' id='word_1_133' title='bbox 788 2023 1046 2092; x_wconf 84' lang='lat' dir='ltr'>ThebaS‚</span> <span class='ocrx_word' id='word_1_134' title='bbox 1077 2022 1163 2078; x_wconf 88' lang='lat' dir='ltr'>his</span> <span class='ocrx_word' id='word_1_135' title='bbox 1187 2025 1298 2097; x_wconf 77' lang='lat' dir='ltr'>jam</span> <span class='ocrx_word' id='word_1_136' title='bbox 1324 2023 1485 2078; x_wconf 82' lang='lat' dir='ltr'>decet</span> <span class='ocrx_word' id='word_1_137' title='bbox 1517 2022 1736 2098; x_wconf 83' lang='lat' dir='ltr'>ignibus</span> 
     </span>
     <span class='ocr_line' id='line_1_22' title="bbox 498 2110 609 2166; baseline 0.009 -1"><span class='ocrx_word' id='word_1_138' title='bbox 498 2110 609 2166; x_wconf 88' lang='lat' dir='ltr'>uti:</span> 
     </span>
     <span class='ocr_line' id='line_1_23' title="bbox 275 2194 1647 2270; baseline 0.003 -23"><span class='ocrx_word' id='word_1_139' title='bbox 275 2218 304 2247; x_wconf 87' lang='lat'>«</span> <span class='ocrx_word' id='word_1_140' title='bbox 325 2194 469 2252; x_wconf 83' lang='lat' dir='ltr'>Hinc</span> <span class='ocrx_word' id='word_1_141' title='bbox 488 2217 759 2255; x_wconf 86' lang='lat' dir='ltr'>renovare</span> <span class='ocrx_word' id='word_1_142' title='bbox 783 2199 933 2256; x_wconf 88' lang='lat' dir='ltr'>faces</span> <span class='ocrx_word' id='word_1_143' title='bbox 950 2239 965 2268; x_wconf 88' lang='lat'>,</span> <span class='ocrx_word' id='word_1_144' title='bbox 992 2196 1305 2270; x_wconf 85' lang='lat' dir='ltr'>lassamque</span> <span class='ocrx_word' id='word_1_145' title='bbox 1332 2196 1647 2252; x_wconf 84' lang='lat' dir='ltr'>accendere</span> 
     </span>
     <span class='ocr_line' id='line_1_24' title="bbox 496 2303 841 2358; baseline -0.006 -20"><span class='ocrx_word' id='word_1_146' title='bbox 496 2303 786 2358; x_wconf 89' lang='lat' dir='ltr'>quercum.</span> <span class='ocrx_word' id='word_1_147' title='bbox 812 2307 841 2336; x_wconf 65' lang='grc' dir='ltr'><strong><em>κ</em></strong></span> 
     </span>
     <span class='ocr_line' id='line_1_25' title="bbox 295 2367 1650 2426; baseline 0.001 -5"><span class='ocrx_word' id='word_1_148' title='bbox 295 2418 310 2421; x_wconf 72' lang='grc'>-</span> <span class='ocrx_word' id='word_1_149' title='bbox 341 2367 502 2424; x_wconf 83' lang='lat' dir='ltr'>Talia</span> <span class='ocrx_word' id='word_1_150' title='bbox 528 2369 809 2423; x_wconf 77' lang='lat' dir='ltr'>dicentem</span> <span class='ocrx_word' id='word_1_151' title='bbox 834 2381 954 2424; x_wconf 84' lang='lat' dir='ltr'>toto</span> <span class='ocrx_word' id='word_1_152' title='bbox 972 2372 1119 2426; x_wconf 86' lang='lat' dir='ltr'>Jove</span> <span class='ocrx_word' id='word_1_153' title='bbox 1148 2368 1362 2424; x_wconf 86' lang='lat' dir='ltr'>fulmen</span> <span class='ocrx_word' id='word_1_154' title='bbox 1389 2368 1650 2423; x_wconf 83' lang='lat' dir='ltr'>adactum</span> 
     </span>
     <span class='ocr_line' id='line_1_26' title="bbox 268 2451 1552 2527; baseline 0 -21"><span class='ocrx_word' id='word_1_155' title='bbox 268 2453 581 2527; x_wconf 85' lang='lat' dir='ltr'>Corripuit.</span> <span class='ocrx_word' id='word_1_156' title='bbox 611 2453 805 2506; x_wconf 84' lang='lat' dir='ltr'>Primae</span> <span class='ocrx_word' id='word_1_157' title='bbox 832 2453 1022 2527; x_wconf 85' lang='lat' dir='ltr'>sugere</span> <span class='ocrx_word' id='word_1_158' title='bbox 1049 2454 1110 2507; x_wconf 88' lang='lat' dir='ltr'>in</span> <span class='ocrx_word' id='word_1_159' title='bbox 1134 2451 1324 2507; x_wconf 83' lang='lat' dir='ltr'>nubila</span> <span class='ocrx_word' id='word_1_160' title='bbox 1348 2451 1552 2519; x_wconf 78' lang='lat' dir='ltr'>cristae,</span> 
     </span>
     <span class='ocr_line' id='line_1_27' title="bbox 270 2534 1607 2611; baseline 0.001 -21"><span class='ocrx_word' id='word_1_161' title='bbox 270 2537 342 2590; x_wconf 90' lang='lat' dir='ltr'>Et</span> <span class='ocrx_word' id='word_1_162' title='bbox 368 2534 556 2610; x_wconf 86' lang='lat' dir='ltr'>clypei</span> <span class='ocrx_word' id='word_1_163' title='bbox 582 2535 744 2608; x_wconf 84' lang='lat' dir='ltr'>niger</span> <span class='ocrx_word' id='word_1_164' title='bbox 765 2535 934 2591; x_wconf 86' lang='lat' dir='ltr'>umbo</span> <span class='ocrx_word' id='word_1_165' title='bbox 960 2535 1144 2606; x_wconf 81' lang='lat' dir='ltr'>cadit5</span> <span class='ocrx_word' id='word_1_166' title='bbox 1169 2537 1393 2611; x_wconf 86' lang='lat' dir='ltr'>jamque</span> <span class='ocrx_word' id='word_1_167' title='bbox 1420 2536 1607 2591; x_wconf 81' lang='lat' dir='ltr'>omnia</span> 
     </span>
     <span class='ocr_line' id='line_1_28' title="bbox 491 2618 679 2674; baseline -0.011 0"><span class='ocrx_word' id='word_1_168' title='bbox 491 2618 679 2674; x_wconf 88' lang='lat' dir='ltr'>lucent</span> 
     </span>
     <span class='ocr_line' id='line_1_29' title="bbox 267 2702 1722 2780; baseline -0.002 -16"><span class='ocrx_word' id='word_1_169' title='bbox 267 2704 524 2764; x_wconf 80' lang='lat' dir='ltr'>Membra</span> <span class='ocrx_word' id='word_1_170' title='bbox 549 2703 674 2761; x_wconf 87' lang='lat' dir='ltr'>viri.</span> <span class='ocrx_word' id='word_1_171' title='bbox 705 2702 925 2760; x_wconf 86' lang='lat' dir='ltr'>Cedunt</span> <span class='ocrx_word' id='word_1_172' title='bbox 953 2703 1137 2773; x_wconf 82' lang='lat' dir='ltr'>acieS‚</span> <span class='ocrx_word' id='word_1_173' title='bbox 1171 2717 1230 2760; x_wconf 89' lang='lat' dir='ltr'>et</span> <span class='ocrx_word' id='word_1_174' title='bbox 1255 2716 1433 2759; x_wconf 84' lang='lat' dir='ltr'>terror</span> <span class='ocrx_word' id='word_1_175' title='bbox 1459 2704 1722 2780; x_wconf 82' lang='lat' dir='ltr'>utrinque</span> 
     </span>
     <span class='ocr_line' id='line_1_30' title="bbox 268 2787 1695 2865; baseline 0.001 -19"><span class='ocrx_word' id='word_1_176' title='bbox 268 2797 394 2864; x_wconf 88' lang='lat' dir='ltr'>Quo</span> <span class='ocrx_word' id='word_1_177' title='bbox 422 2802 540 2845; x_wconf 83' lang='lat' dir='ltr'>ruat</span> <span class='ocrx_word' id='word_1_178' title='bbox 558 2831 572 2857; x_wconf 76' lang='lat'><strong>‚</strong></span> <span class='ocrx_word' id='word_1_179' title='bbox 603 2787 826 2845; x_wconf 72' lang='lat' dir='ltr'>ardenti</span> <span class='ocrx_word' id='word_1_180' title='bbox 848 2787 1010 2844; x_wconf 87' lang='lat' dir='ltr'>feriat</span> <span class='ocrx_word' id='word_1_181' title='bbox 1039 2808 1177 2865; x_wconf 85' lang='lat' dir='ltr'>quas</span> <span class='ocrx_word' id='word_1_182' title='bbox 1204 2808 1439 2864; x_wconf 87' lang='lat' dir='ltr'>corpore</span> <span class='ocrx_word' id='word_1_183' title='bbox 1469 2801 1695 2847; x_wconf 80' lang='lat' dir='ltr'>turmas⁰</span> 
     </span>
     <span class='ocr_line' id='line_1_31' title="bbox 268 2873 1722 2951; baseline 0.001 -21"><span class='ocrx_word' id='word_1_184' title='bbox 268 2877 428 2930; x_wconf 85' lang='lat' dir='ltr'>Intra</span> <span class='ocrx_word' id='word_1_185' title='bbox 454 2894 510 2929; x_wconf 90' lang='lat' dir='ltr'>se</span> <span class='ocrx_word' id='word_1_186' title='bbox 539 2874 774 2930; x_wconf 81' lang='lat' dir='ltr'>stridere</span> <span class='ocrx_word' id='word_1_187' title='bbox 803 2874 1013 2942; x_wconf 83' lang='lat' dir='ltr'>facem,</span> <span class='ocrx_word' id='word_1_188' title='bbox 1044 2873 1397 2950; x_wconf 74' lang='lat' dir='ltr'>galeamque,</span> <span class='ocrx_word' id='word_1_189' title='bbox 1428 2893 1722 2951; x_wconf 87' lang='lat' dir='ltr'>comasque</span> 
     </span>
     <span class='ocr_line' id='line_1_32' title="bbox 268 2956 1637 3045; baseline 0.002 -30"><span class='ocrx_word' id='word_1_190' title='bbox 268 2958 449 3015; x_wconf 82' lang='lat' dir='ltr'>Sentit</span> <span class='ocrx_word' id='word_1_191' title='bbox 470 2972 569 3045; x_wconf 41' lang='lat' dir='ltr'>,let</span> <span class='ocrx_word' id='word_1_192' title='bbox 595 2974 845 3017; x_wconf 89' lang='lat' dir='ltr'>urentem</span> <span class='ocrx_word' id='word_1_193' title='bbox 871 2960 1106 3017; x_wconf 76' lang='lat' dir='ltr'>thoraca</span> <span class='ocrx_word' id='word_1_194' title='bbox 1138 2956 1412 3038; x_wconf 82' lang='lat' dir='ltr'>repellere</span> <span class='ocrx_word' id='word_1_195' title='bbox 1443 2960 1637 3018; x_wconf 84' lang='lat' dir='ltr'>dextra</span> 
     </span>
    </p>
   </div>
   <div class='ocr_carea' id='block_1_3' title="bbox 183 3045 1623 3123">
    <p class='ocr_par' dir='ltr' id='par_1_3' title="bbox 183 3045 1623 3123">
     <span class='ocr_line' id='line_1_33' title="bbox 183 3045 1623 3123; baseline 0.002 -21"><span class='ocrx_word' id='word_1_196' title='bbox 183 3114 187 3119; x_wconf 12' lang='grc' dir='ltr'><em>ᾗ</em></span> <span class='ocrx_word' id='word_1_197' title='bbox 270 3045 553 3116; x_wconf 81' lang='lat' dir='ltr'>ConatuS,</span> <span class='ocrx_word' id='word_1_198' title='bbox 584 3045 717 3102; x_wconf 88' lang='lat' dir='ltr'>ferri</span> <span class='ocrx_word' id='word_1_199' title='bbox 743 3046 987 3103; x_wconf 84' lang='lat' dir='ltr'>cinerem</span> <span class='ocrx_word' id='word_1_200' title='bbox 1014 3047 1118 3103; x_wconf 81' lang='lat' dir='ltr'>sub</span> <span class='ocrx_word' id='word_1_201' title='bbox 1145 3058 1376 3123; x_wconf 87' lang='lat' dir='ltr'>pectore</span> <span class='ocrx_word' id='word_1_202' title='bbox 1407 3059 1623 3105; x_wconf 76' lang='lat' dir='ltr'>tractat.</span> 
     </span>
    </p>
   </div>
   <div class='ocr_carea' id='block_1_4' title="bbox 1650 3322 1747 3379">
    <p class='ocr_par' dir='ltr' id='par_1_4' title="bbox 1650 3322 1747 3379">
     <span class='ocr_line' id='line_1_34' title="bbox 1650 3322 1747 3379; baseline 0 0"><span class='ocrx_word' id='word_1_203' title='bbox 1650 3322 1683 3352; x_wconf 64' lang='grc'><strong>.</strong></span> <span class='ocrx_word' id='word_1_204' title='bbox 1738 3366 1747 3379; x_wconf 65' lang='grc' dir='ltr'><em>Α</em></span> 
     </span>
    </p>
   </div>
  </div>
 </body>
</html>
