2079 3613
458 237 570 294 919
706 215 1150 282 THEBAIDOS‚
1201 220 1349 267 ΜΒ.
1404 221 1511 268 VI.
1708 231 1831 293 173

332 336 361 367 α
381 314 764 392 Fraternisque
801 314 946 372 sinas
982 312 1250 393 (abigant
1283 313 1397 370 hoc
1430 312 1728 394 numina!)

551 413 714 457 votis.
740 425 775 452 υ

400 486 492 542 Sic
522 486 598 543 ait
633 505 646 541 ε
678 499 848 564 atque
876 485 1070 543 ambos
1096 500 1289 543 aurata
1317 485 1529 547 casside
1558 483 1716 540 ditat.

324 576 487 627 Tunc
508 592 746 649 genem,
777 593 850 628 ne
879 571 1060 630 laudis
1077 591 1249 649 egens
1265 615 1281 644 ,
1304 573 1469 648 jubet
1486 570 1660 625 ardua
1681 573 1832 626 necti

326 657 639 733 Tempora,
666 657 1110 734 Thebarumque
1137 656 1352 734 ingenti
1380 676 1519 713 voce
1549 655 1710 711 citari

324 743 627 800 Victorem.
656 744 803 800 Dirae
832 745 1155 802 retinebant
1182 748 1372 800 omina
1400 747 1604 800 Parcae.

401 855 431 884 «
451 834 644 908 Ipsum
672 831 842 886 etiam
867 830 1099 907 proprio
1127 815 1430 887 certamina
1459 831 1601 887 festa
1635 829 1827 885 labore

327 940 355 969 «
377 914 634 992 Dignam,
665 929 723 972 et
746 916 961 973 tumulo
987 936 1311 992 supremum
1338 916 1487 972 hunc
1515 914 1721 973 addere

545 1001 812 1055 honorem
835 1042 851 1070 ‚

326 1110 356 1138 α
375 1087 688 1140 Hortamur
710 1102 1004 1159 proceres:
1036 1103 1101 1140 ac
1127 1105 1200 1142 ne
1224 1085 1461 1141 victoria
1487 1087 1642 1142 desit·

327 1195 355 1223 «
376 1171 502 1226 Una
527 1167 734 1224 ducum
755 1189 986 1226 numero
1002 1211 1019 1239 ‚
1048 1171 1251 1229 fundat
1278 1170 1371 1226 vel
1394 1170 1569 1249 Lycia
1596 1191 1770 1227 cornu

321 1280 350 1310 «
375 1255 516 1312 Tela
532 1297 548 1324 ,
570 1269 802 1333 rogant3
826 1257 977 1314 tenui
1002 1257 1093 1317 vel
1118 1258 1309 1316 nubila
1332 1271 1583 1316 transeat
1601 1257 1825 1314 hasta.»

319 1341 666 1418 Obsequitur
700 1346 979 1419 gaudem,
1013 1344 1297 1422 viridique
1333 1366 1402 1402 ex
1434 1365 1641 1422 aggere
1670 1344 1730 1399 in

538 1450 759 1507 aequum

315 1514 576 1590 stipatus
587 1517 815 1573 summis
838 1518 1109 1592 juvenum
1134 1515 1447 1577 descendit.
1478 1517 1556 1572 At
1579 1514 1662 1570 illi

317 1602 466 1655 Pone
492 1600 648 1657 leves
672 1614 864 1679 portat
888 1602 1187 1680 pharetras
1204 1646 1218 1672 ‚
1254 1616 1310 1661 et
1336 1621 1542 1659 cornua
1566 1602 1748 1674 jussus

317 1685 592 1761 Armiger.
622 1690 916 1762 Ingentem
939 1687 1098 1765 jactu
1122 1689 1502 1744 transmittere
1529 1685 1763 1742 circum*

316 1771 578 1840 Eminu5‚
605 1784 662 1829 et
688 1772 850 1830 dictae
877 1774 1010 1831 dare
1039 1773 1268 1832 vulnera
1294 1773 1539 1830 destinat
1559 1792 1716 1829 orno.

319 1857 594 1935 Campum
625 1878 849 1914 emensa
873 1859 1035 1917 brevi
1063 1860 1245 1916 fatalis
1270 1859 1341 1915 ab
1366 1859 1565 1914 arbore
1586 1871 1760 1924 tacta,
1873 1920 1877 1924 .

317 1943 683 2000 Horrendum
707 1941 831 2001 visu
847 1984 864 2014 ‚
895 1962 1002 2019 per
1027 1962 1168 2018 quas
1193 1942 1362 1998 modo
1389 1944 1605 2016 fugerat
1631 1959 1823 2011 aut-³8,

318 2026 490 2083 Venit
513 2027 728 2085 arundo
753 2040 942 2099 retro;
978 2045 1319 2103 versumque
1346 2048 1375 2081 a
1403 2025 1513 2083 fine
1535 2037 1789 2080 tenorem

316 2110 581 2184 Pertulit,
611 2126 668 2171 et
692 2126 838 2171 notae
861 2116 1022 2190 juxta
1046 2114 1158 2171 ruit
1186 2133 1284 2169 ora
1311 2112 1610 2189 pharetrae.

391 2200 531 2271 Quis
550 2201 718 2256 fluere
739 2200 977 2257 occultis
997 2221 1183 2258 rerum
1207 2222 1279 2257 ne
1322 2213 1377 2256 et
1395 2197 1582 2258 omnia
1605 2191 1824 2252 causis?

317 2284 459 2341 Fata
486 2299 684 2362 patent
710 2286 925 2342 homini
948 2309 960 2342 :
992 2287 1151 2364 piget
1177 2286 1460 2343 inservare
1480 2327 1496 2356 .‚
1526 2284 1787 2361 peritque

316 2370 561 2428 Venturi
592 2370 865 2444 promissa
896 2371 1059 2427 fides,
1095 2372 1184 2427 Sic
1213 2372 1398 2427 omina
1428 2391 1619 2432 casum

316 2453 603 2520 Fecimus.,
633 2465 690 2506 et
715 2453 863 2509 vires
892 2455 1053 2512 auxit
1082 2457 1332 2511 Fortuna
1359 2454 1620 2514 nocendi.

317 2533 498 2592 Multa
528 2534 698 2590 duces
724 2556 912 2593 errore
941 2552 1163 2602 serunt:
1193 2541 1252 2598 hi
1278 2540 1502 2610 nubila,
1539 2553 1594 2595 et
1619 2542 1765 2598 altos
1824 2595 1831 2604 ,

261 2642 266 2648 ·
319 2617 653 2679 Occurrisse
690 2620 869 2677 Notos
903 2644 915 2676 :
950 2621 1185 2678 adverso
1218 2624 1434 2679 roboris
1461 2623 1584 2680 ictu

316 2706 458 2764 Tela
491 2705 716 2783 repulsa
747 2707 859 2764 alii.
894 2706 1124 2764 Penitus
1156 2706 1292 2764 latet
1323 2708 1503 2765 exitus
1534 2709 1764 2790 ingens,

316 2799 813 2873 Monstratumque
837 2795 1017 2853 nefas·
1047 2795 1159 2852 Uni
1184 2794 1487 2852 remeabile
1512 2792 1750 2868 bellum,

238 2936 242 2942 ,
318 2881 387 2936 Et
414 2881 601 2938 tristes
625 2880 857 2940 domino
882 2881 1205 2958 spondebat
1231 2883 1449 2941 arundo
1474 2901 1749 2943 recursus,
1806 2871 1809 2876 ’

499 2999 777 3062 Exrmcn}
807 3004 1146 3068 ΤΠΕΒᾼΞΒΟΒ
1181 3003 1358 3054 mm
1384 3003 1617 3050 intrus-
1654 3005 1657 3008 ’
1728 3023 1751 3050 ·.
