<?xml version="1.0" encoding="UTF-8"?>
<!DOCTYPE html PUBLIC "-//W3C//DTD XHTML 1.0 Transitional//EN"
    "http://www.w3.org/TR/xhtml1/DTD/xhtml1-transitional.dtd">
<html xmlns="http://www.w3.org/1999/xhtml" xml:lang="en" lang="en">
 <head>
  <title>
</title>
<meta http-equiv="Content-Type" content="text/html;charset=utf-8" />
  <meta name='ocr-system' content='tesseract 3.04.00' />
  <meta name='ocr-capabilities' content='ocr_page ocr_carea ocr_par ocr_line ocrx_word'/>
</head>
<body>
  <div class='ocr_page' id='page_1' title='image "./operaadoptimeed00statgoog/operaadoptimeed00statgoog_0214.png"; bbox 0 0 2079 3613; ppageno 0'>
   <div class='ocr_carea' id='block_1_1' title="bbox 376 266 1721 343">
    <p class='ocr_par' dir='ltr' id='par_1_1' title="bbox 376 266 1721 343">
     <span class='ocr_line' id='line_1_1' title="bbox 376 266 1721 343; baseline 0.005 -21"><span class='ocrx_word' id='word_1_1' title='bbox 376 266 511 328; x_wconf 80' lang='lat'>188.</span> <span class='ocrx_word' id='word_1_2' title='bbox 685 273 1131 337; x_wconf 67' lang='grc' dir='ltr'><strong>ΤΗΕΒΑῙΒΟΒ,</strong></span> <span class='ocrx_word' id='word_1_3' title='bbox 1185 276 1326 324; x_wconf 75' lang='lat' dir='ltr'><strong>Lm.</strong></span> <span class='ocrx_word' id='word_1_4' title='bbox 1381 278 1514 325; x_wconf 80' lang='lat' dir='ltr'><strong>vn.</strong></span> <span class='ocrx_word' id='word_1_5' title='bbox 1613 285 1721 343; x_wconf 72' lang='lat'><strong>204</strong></span> 
     </span>
    </p>
   </div>
   <div class='ocr_carea' id='block_1_2' title="bbox 291 371 1879 1106">
    <p class='ocr_par' dir='ltr' id='par_1_2' title="bbox 372 371 1825 514">
     <span class='ocr_line' id='line_1_2' title="bbox 372 371 1825 449; baseline 0.007 -26"><span class='ocrx_word' id='word_1_6' title='bbox 372 395 399 424; x_wconf 87' lang='lat'><strong><em>«</em></strong></span> <span class='ocrx_word' id='word_1_7' title='bbox 422 374 538 428; x_wconf 88' lang='lat' dir='ltr'><strong>Aut</strong></span> <span class='ocrx_word' id='word_1_8' title='bbox 560 372 827 449; x_wconf 85' lang='lat' dir='ltr'><strong>Lapithas</strong></span> <span class='ocrx_word' id='word_1_9' title='bbox 853 372 1053 444; x_wconf 87' lang='lat' dir='ltr'><strong>Marti,</strong></span> <span class='ocrx_word' id='word_1_10' title='bbox 1074 385 1176 428; x_wconf 62' lang='lat' dir='ltr'><strong>&gt;aut</strong></span> <span class='ocrx_word' id='word_1_11' title='bbox 1202 385 1453 431; x_wconf 85' lang='lat' dir='ltr'><strong>veterem</strong></span> <span class='ocrx_word' id='word_1_12' title='bbox 1476 371 1769 448; x_wconf 83' lang='lat' dir='ltr'>Calydona</span> <span class='ocrx_word' id='word_1_13' title='bbox 1818 426 1825 433; x_wconf 91' lang='lat'><strong>.</strong></span> 
     </span>
     <span class='ocr_line' id='line_1_3' title="bbox 584 458 939 514; baseline 0.003 -1"><span class='ocrx_word' id='word_1_14' title='bbox 584 458 777 514; x_wconf 74' lang='lat' dir='ltr'><strong>Dianae</strong></span> <span class='ocrx_word' id='word_1_15' title='bbox 937 471 939 473; x_wconf 74' lang='grc'><strong><em>’</em></strong></span> 
     </span>
    </p>

    <p class='ocr_par' dir='ltr' id='par_1_3' title="bbox 291 541 1871 619">
     <span class='ocr_line' id='line_1_4' title="bbox 291 541 1871 619; baseline 0.003 -26"><span class='ocrx_word' id='word_1_16' title='bbox 291 562 297 564; x_wconf 55' lang='grc'><em>’</em></span> <span class='ocrx_word' id='word_1_17' title='bbox 370 566 397 593; x_wconf 72' lang='grc' dir='ltr'><strong><em>κ</em></strong></span> <span class='ocrx_word' id='word_1_18' title='bbox 416 542 750 618; x_wconf 84' lang='lat' dir='ltr'>Expugnare</span> <span class='ocrx_word' id='word_1_19' title='bbox 773 541 940 599; x_wconf 85' lang='lat' dir='ltr'><strong>dedi:</strong></span> <span class='ocrx_word' id='word_1_20' title='bbox 960 561 1200 619; x_wconf 82' lang='lat' dir='ltr'><strong>meaque</strong></span> <span class='ocrx_word' id='word_1_21' title='bbox 1221 555 1306 598; x_wconf 88' lang='lat' dir='ltr'><strong>est</strong></span> <span class='ocrx_word' id='word_1_22' title='bbox 1327 543 1576 617; x_wconf 77' lang='lat' dir='ltr'><strong>jactura,</strong></span> <span class='ocrx_word' id='word_1_23' title='bbox 1600 543 1871 618; x_wconf 79' lang='lat' dir='ltr'><strong>pigetque</strong></span> 
     </span>
    </p>

    <p class='ocr_par' dir='ltr' id='par_1_4' title="bbox 367 625 1867 702">
     <span class='ocr_line' id='line_1_5' title="bbox 367 625 1867 702; baseline 0.004 -27"><span class='ocrx_word' id='word_1_24' title='bbox 367 648 396 675; x_wconf 86' lang='lat'><strong><em>«</em></strong></span> <span class='ocrx_word' id='word_1_25' title='bbox 416 628 528 679; x_wconf 89' lang='lat' dir='ltr'><strong>Tot</strong></span> <span class='ocrx_word' id='word_1_26' title='bbox 554 638 773 682; x_wconf 81' lang='lat' dir='ltr'><strong>mutare</strong></span> <span class='ocrx_word' id='word_1_27' title='bbox 803 627 1042 696; x_wconf 82' lang='lat' dir='ltr'><strong>animas,</strong></span> <span class='ocrx_word' id='word_1_28' title='bbox 1071 637 1156 681; x_wconf 89' lang='lat' dir='ltr'><strong>tot</strong></span> <span class='ocrx_word' id='word_1_29' title='bbox 1181 626 1422 682; x_wconf 83' lang='lat' dir='ltr'><strong>reddere</strong></span> <span class='ocrx_word' id='word_1_30' title='bbox 1448 645 1692 702; x_wconf 87' lang='lat' dir='ltr'><strong>corpora</strong></span> <span class='ocrx_word' id='word_1_31' title='bbox 1718 625 1867 684; x_wconf 79' lang='lat' dir='ltr'><strong>vitae.</strong></span> 
     </span>
    </p>

    <p class='ocr_par' dir='ltr' id='par_1_5' title="bbox 361 710 1879 789">
     <span class='ocr_line' id='line_1_6' title="bbox 361 710 1879 789; baseline 0.004 -28"><span class='ocrx_word' id='word_1_32' title='bbox 361 733 388 762; x_wconf 85' lang='lat'>«</span> <span class='ocrx_word' id='word_1_33' title='bbox 412 710 723 768; x_wconf 85' lang='lat' dir='ltr'>Labdacios</span> <span class='ocrx_word' id='word_1_34' title='bbox 746 733 878 769; x_wconf 86' lang='lat' dir='ltr'><strong>vero</strong></span> <span class='ocrx_word' id='word_1_35' title='bbox 897 754 916 783; x_wconf 81' lang='lat'>,</span> <span class='ocrx_word' id='word_1_36' title='bbox 949 712 1283 788; x_wconf 82' lang='lat' dir='ltr'><strong>Pelopisque</strong></span> <span class='ocrx_word' id='word_1_37' title='bbox 1313 733 1344 767; x_wconf 87' lang='lat' dir='ltr'>a</span> <span class='ocrx_word' id='word_1_38' title='bbox 1370 713 1545 789; x_wconf 84' lang='lat' dir='ltr'><strong>stirpe</strong></span> <span class='ocrx_word' id='word_1_39' title='bbox 1570 725 1815 788; x_wconf 85' lang='lat' dir='ltr'><strong>nepotes</strong></span> <span class='ocrx_word' id='word_1_40' title='bbox 1874 770 1879 777; x_wconf 64' lang='grc'><strong>,</strong></span> 
     </span>
    </p>

    <p class='ocr_par' dir='ltr' id='par_1_6' title="bbox 364 793 1780 934">
     <span class='ocr_line' id='line_1_7' title="bbox 364 793 1780 873; baseline 0.004 -26"><span class='ocrx_word' id='word_1_41' title='bbox 364 817 393 846; x_wconf 83' lang='grc' dir='ltr'><strong><em>κ</em></strong></span> <span class='ocrx_word' id='word_1_42' title='bbox 412 793 665 850; x_wconf 82' lang='lat' dir='ltr'><strong>Tardum</strong></span> <span class='ocrx_word' id='word_1_43' title='bbox 690 795 917 854; x_wconf 83' lang='lat' dir='ltr'><strong>abolere</strong></span> <span class='ocrx_word' id='word_1_44' title='bbox 941 795 1101 852; x_wconf 86' lang='lat' dir='ltr'><strong>mihi.</strong></span> <span class='ocrx_word' id='word_1_45' title='bbox 1128 795 1247 853; x_wconf 87' lang='lat' dir='ltr'><strong>Scis</strong></span> <span class='ocrx_word' id='word_1_46' title='bbox 1268 794 1393 873; x_wconf 87' lang='lat' dir='ltr'><strong>ipse</strong></span> <span class='ocrx_word' id='word_1_47' title='bbox 1408 838 1426 868; x_wconf 87' lang='lat'>‚</span> <span class='ocrx_word' id='word_1_48' title='bbox 1457 809 1518 853; x_wconf 85' lang='lat' dir='ltr'><strong>ut</strong></span> <span class='ocrx_word' id='word_1_49' title='bbox 1545 795 1780 863; x_wconf 71' lang='lat' dir='ltr'><strong>crimina</strong></span> 
     </span>
     <span class='ocr_line' id='line_1_8' title="bbox 580 878 800 934; baseline 0.014 -2"><span class='ocrx_word' id='word_1_50' title='bbox 580 878 800 934; x_wconf 86' lang='lat' dir='ltr'><strong>mittam</strong></span> 
     </span>
    </p>

    <p class='ocr_par' dir='ltr' id='par_1_7' title="bbox 367 961 1766 1106">
     <span class='ocr_line' id='line_1_9' title="bbox 367 961 1766 1042; baseline 0.006 -28"><span class='ocrx_word' id='word_1_51' title='bbox 367 983 395 1014; x_wconf 79' lang='grc' dir='ltr'><strong><em>κ</em></strong></span> <span class='ocrx_word' id='word_1_52' title='bbox 416 961 621 1018; x_wconf 86' lang='lat' dir='ltr'><strong>Dorica</strong></span> <span class='ocrx_word' id='word_1_53' title='bbox 640 1005 654 1030; x_wconf 92' lang='lat'>‚</span> <span class='ocrx_word' id='word_1_54' title='bbox 686 983 857 1040; x_wconf 89' lang='lat' dir='ltr'><strong>quam</strong></span> <span class='ocrx_word' id='word_1_55' title='bbox 892 977 1169 1042; x_wconf 76' lang='lat' dir='ltr'><strong>promptae</strong></span> <span class='ocrx_word' id='word_1_56' title='bbox 1204 965 1454 1040; x_wconf 85' lang='lat' dir='ltr'><strong>Superos</strong></span> <span class='ocrx_word' id='word_1_57' title='bbox 1485 965 1766 1023; x_wconf 87' lang='lat' dir='ltr'><strong>incessere</strong></span> 
     </span>
     <span class='ocr_line' id='line_1_10' title="bbox 585 1049 825 1106; baseline 0.008 -2"><span class='ocrx_word' id='word_1_58' title='bbox 585 1049 789 1106; x_wconf 84' lang='lat' dir='ltr'><strong>Thebae</strong></span> <span class='ocrx_word' id='word_1_59' title='bbox 811 1055 825 1106; x_wconf 74' lang='grc' dir='ltr'><strong>Ξ</strong></span> 
     </span>
    </p>
   </div>
   <div class='ocr_carea' id='block_1_3' title="bbox 346 1132 1865 3096">
    <p class='ocr_par' dir='ltr' id='par_1_8' title="bbox 366 1132 1865 1276">
     <span class='ocr_line' id='line_1_11' title="bbox 366 1132 1865 1216; baseline 0.006 -30"><span class='ocrx_word' id='word_1_60' title='bbox 366 1156 396 1186; x_wconf 87' lang='lat'>«</span> <span class='ocrx_word' id='word_1_61' title='bbox 414 1137 498 1190; x_wconf 85' lang='lat' dir='ltr'><strong>Te</strong></span> <span class='ocrx_word' id='word_1_62' title='bbox 523 1155 842 1211; x_wconf 87' lang='lat' dir='ltr'><strong>quoque....</strong></span> <span class='ocrx_word' id='word_1_63' title='bbox 870 1132 991 1216; x_wconf 87' lang='lat' dir='ltr'><strong>(sed</strong></span> <span class='ocrx_word' id='word_1_64' title='bbox 1011 1139 1284 1215; x_wconf 82' lang='lat' dir='ltr'><strong>quoniam</strong></span> <span class='ocrx_word' id='word_1_65' title='bbox 1302 1153 1464 1197; x_wconf 86' lang='lat' dir='ltr'><strong>vetus</strong></span> <span class='ocrx_word' id='word_1_66' title='bbox 1485 1137 1693 1195; x_wconf 85' lang='lat' dir='ltr'><strong>excidit</strong></span> <span class='ocrx_word' id='word_1_67' title='bbox 1716 1138 1826 1214; x_wconf 77' lang='lat' dir='ltr'><strong>ira)</strong></span> <span class='ocrx_word' id='word_1_68' title='bbox 1842 1181 1865 1209; x_wconf 70' lang='lat'>,</span> 
     </span>
     <span class='ocr_line' id='line_1_12' title="bbox 583 1219 779 1276; baseline 0.01 -2"><span class='ocrx_word' id='word_1_69' title='bbox 583 1219 779 1276; x_wconf 75' lang='lat' dir='ltr'><strong>si-leb0.</strong></span> 
     </span>
    </p>

    <p class='ocr_par' dir='ltr' id='par_1_9' title="bbox 366 1304 1753 1465">
     <span class='ocr_line' id='line_1_13' title="bbox 366 1304 1753 1388; baseline 0.01 -33"><span class='ocrx_word' id='word_1_70' title='bbox 366 1326 394 1355; x_wconf 74' lang='grc' dir='ltr'><strong>ιι</strong></span> <span class='ocrx_word' id='word_1_71' title='bbox 417 1304 546 1360; x_wconf 90' lang='lat' dir='ltr'><strong>Non</strong></span> <span class='ocrx_word' id='word_1_72' title='bbox 583 1318 770 1361; x_wconf 85' lang='lat' dir='ltr'><strong>tamen</strong></span> <span class='ocrx_word' id='word_1_73' title='bbox 805 1319 901 1363; x_wconf 85' lang='lat' dir='ltr'><strong>aut</strong></span> <span class='ocrx_word' id='word_1_74' title='bbox 939 1308 1126 1386; x_wconf 76' lang='lat' dir='ltr'><strong>patrio</strong></span> <span class='ocrx_word' id='word_1_75' title='bbox 1164 1330 1459 1388; x_wconf 41' lang='lat' dir='ltr'><strong>respersus,</strong></span> <span class='ocrx_word' id='word_1_76' title='bbox 1487 1311 1753 1387; x_wconf 84' lang='lat' dir='ltr'><strong>sanguine</strong></span> 
     </span>
     <span class='ocr_line' id='line_1_14' title="bbox 576 1392 901 1465; baseline 0.009 -18"><span class='ocrx_word' id='word_1_77' title='bbox 576 1392 859 1450; x_wconf 85' lang='lat' dir='ltr'><strong>Pentheus</strong></span> <span class='ocrx_word' id='word_1_78' title='bbox 884 1436 901 1465; x_wconf 85' lang='lat'>,</span> 
     </span>
    </p>

    <p class='ocr_par' dir='ltr' id='par_1_10' title="bbox 364 1478 1864 1553">
     <span class='ocr_line' id='line_1_15' title="bbox 364 1478 1864 1553; baseline 0.012 -28"><span class='ocrx_word' id='word_1_79' title='bbox 364 1498 397 1525; x_wconf 76' lang='grc' dir='ltr'><strong>«ι</strong></span> <span class='ocrx_word' id='word_1_80' title='bbox 416 1478 521 1531; x_wconf 89' lang='lat' dir='ltr'><strong>Aut</strong></span> <span class='ocrx_word' id='word_1_81' title='bbox 540 1489 774 1532; x_wconf 83' lang='lat' dir='ltr'><strong>matrem</strong></span> <span class='ocrx_word' id='word_1_82' title='bbox 794 1478 1088 1537; x_wconf 82' lang='lat' dir='ltr'><strong>scelerasse</strong></span> <span class='ocrx_word' id='word_1_83' title='bbox 1107 1481 1277 1553; x_wconf 65' lang='lat' dir='ltr'><strong>toris,</strong></span> <span class='ocrx_word' id='word_1_84' title='bbox 1295 1495 1388 1538; x_wconf 82' lang='lat' dir='ltr'><strong>aut</strong></span> <span class='ocrx_word' id='word_1_85' title='bbox 1409 1482 1636 1540; x_wconf 87' lang='lat' dir='ltr'><strong>crimine</strong></span> <span class='ocrx_word' id='word_1_86' title='bbox 1663 1485 1864 1543; x_wconf 84' lang='lat' dir='ltr'><strong>fratres</strong></span> 
     </span>
    </p>

    <p class='ocr_par' dir='ltr' id='par_1_11' title="bbox 365 1560 1764 1646">
     <span class='ocr_line' id='line_1_16' title="bbox 365 1560 1764 1646; baseline 0.011 -36"><span class='ocrx_word' id='word_1_87' title='bbox 365 1584 393 1610; x_wconf 88' lang='lat'><strong><em>«</em></strong></span> <span class='ocrx_word' id='word_1_88' title='bbox 413 1560 779 1634; x_wconf 85' lang='lat' dir='ltr'><strong>Progenuisse</strong></span> <span class='ocrx_word' id='word_1_89' title='bbox 806 1584 933 1619; x_wconf 89' lang='lat' dir='ltr'><strong>reus</strong></span> <span class='ocrx_word' id='word_1_90' title='bbox 948 1604 969 1632; x_wconf 91' lang='lat'>‚</span> <span class='ocrx_word' id='word_1_91' title='bbox 990 1564 1182 1622; x_wconf 85' lang='lat' dir='ltr'><strong>lacero</strong></span> <span class='ocrx_word' id='word_1_92' title='bbox 1208 1569 1501 1646; x_wconf 41' lang='lat' dir='ltr'><strong>tua-lustra</strong></span> <span class='ocrx_word' id='word_1_93' title='bbox 1526 1567 1764 1645; x_wconf 84' lang='lat' dir='ltr'><strong>replevit</strong></span> 
     </span>
    </p>

    <p class='ocr_par' dir='ltr' id='par_1_12' title="bbox 363 1637 1862 1730">
     <span class='ocr_line' id='line_1_17' title="bbox 363 1637 1862 1730; baseline 0.011 -34"><span class='ocrx_word' id='word_1_94' title='bbox 363 1666 393 1696; x_wconf 90' lang='lat'>«</span> <span class='ocrx_word' id='word_1_95' title='bbox 415 1637 658 1702; x_wconf 77' lang='lat' dir='ltr'><strong>Funere.</strong></span> <span class='ocrx_word' id='word_1_96' title='bbox 677 1647 790 1703; x_wconf 88' lang='lat' dir='ltr'><strong>Ubi</strong></span> <span class='ocrx_word' id='word_1_97' title='bbox 805 1651 969 1707; x_wconf 86' lang='lat' dir='ltr'><strong>fletus</strong></span> <span class='ocrx_word' id='word_1_98' title='bbox 982 1649 1008 1708; x_wconf 67' lang='grc' dir='ltr'><strong>’.Ρ</strong></span> <span class='ocrx_word' id='word_1_99' title='bbox 1023 1651 1116 1707; x_wconf 88' lang='lat' dir='ltr'><strong>ubi</strong></span> <span class='ocrx_word' id='word_1_100' title='bbox 1134 1665 1266 1708; x_wconf 88' lang='lat' dir='ltr'><strong>tunc</strong></span> <span class='ocrx_word' id='word_1_101' title='bbox 1283 1674 1372 1710; x_wconf 88' lang='lat' dir='ltr'><strong>ars</strong></span> <span class='ocrx_word' id='word_1_102' title='bbox 1387 1667 1539 1711; x_wconf 81' lang='lat' dir='ltr'><strong>tanta</strong></span> <span class='ocrx_word' id='word_1_103' title='bbox 1555 1653 1862 1730; x_wconf 80' lang='lat' dir='ltr'><strong>precandi?</strong></span> 
     </span>
    </p>

    <p class='ocr_par' dir='ltr' id='par_1_13' title="bbox 361 1731 1811 1817">
     <span class='ocr_line' id='line_1_18' title="bbox 361 1731 1811 1817; baseline 0.013 -37"><span class='ocrx_word' id='word_1_104' title='bbox 361 1749 390 1779; x_wconf 74' lang='grc' dir='ltr'><strong>α</strong></span> <span class='ocrx_word' id='word_1_105' title='bbox 414 1731 518 1783; x_wconf 84' lang='lat' dir='ltr'><strong>Ast</strong></span> <span class='ocrx_word' id='word_1_106' title='bbox 548 1750 649 1806; x_wconf 84' lang='lat' dir='ltr'><strong>ego</strong></span> <span class='ocrx_word' id='word_1_107' title='bbox 677 1750 793 1787; x_wconf 86' lang='lat' dir='ltr'><strong>non</strong></span> <span class='ocrx_word' id='word_1_108' title='bbox 817 1735 1048 1813; x_wconf 86' lang='lat' dir='ltr'><strong>proprio</strong></span> <span class='ocrx_word' id='word_1_109' title='bbox 1078 1737 1227 1793; x_wconf 89' lang='lat' dir='ltr'><strong>diros</strong></span> <span class='ocrx_word' id='word_1_110' title='bbox 1252 1737 1514 1817; x_wconf 85' lang='lat' dir='ltr'><strong>impendo</strong></span> <span class='ocrx_word' id='word_1_111' title='bbox 1543 1741 1725 1798; x_wconf 87' lang='lat' dir='ltr'><strong>dolori</strong></span> <span class='ocrx_word' id='word_1_112' title='bbox 1806 1806 1811 1811; x_wconf 52' lang='grc'><em>,</em></span> 
     </span>
    </p>

    <p class='ocr_par' dir='ltr' id='par_1_14' title="bbox 363 1814 1644 1980">
     <span class='ocr_line' id='line_1_19' title="bbox 363 1814 1644 1906; baseline 0.015 -39"><span class='ocrx_word' id='word_1_113' title='bbox 363 1838 390 1867; x_wconf 72' lang='grc' dir='ltr'><strong>α</strong></span> <span class='ocrx_word' id='word_1_114' title='bbox 411 1814 897 1893; x_wconf 82' lang='lat' dir='ltr'><strong>OEdipodionidas</strong></span> <span class='ocrx_word' id='word_1_115' title='bbox 930 1840 945 1877; x_wconf 77' lang='lat' dir='ltr'><strong><em>z</em></strong></span> <span class='ocrx_word' id='word_1_116' title='bbox 984 1835 1145 1900; x_wconf 80' lang='lat' dir='ltr'><strong>rogat</strong></span> <span class='ocrx_word' id='word_1_117' title='bbox 1181 1823 1291 1882; x_wconf 91' lang='lat' dir='ltr'><strong>hoc</strong></span> <span class='ocrx_word' id='word_1_118' title='bbox 1332 1828 1644 1906; x_wconf 83' lang='lat' dir='ltr'><strong>tellusque,</strong></span> 
     </span>
     <span class='ocr_line' id='line_1_20' title="bbox 567 1901 879 1980; baseline 0.022 -24"><span class='ocrx_word' id='word_1_119' title='bbox 567 1901 846 1980; x_wconf 88' lang='lat' dir='ltr'><strong>polusque</strong></span> <span class='ocrx_word' id='word_1_120' title='bbox 863 1949 879 1978; x_wconf 86' lang='lat'>‚</span> 
     </span>
    </p>

    <p class='ocr_par' dir='ltr' id='par_1_15' title="bbox 367 1986 1757 2078">
     <span class='ocr_line' id='line_1_21' title="bbox 367 1986 1757 2078; baseline 0.012 -39"><span class='ocrx_word' id='word_1_121' title='bbox 367 2006 396 2038; x_wconf 75' lang='lat' dir='ltr'><strong>t&lt;</strong></span> <span class='ocrx_word' id='word_1_122' title='bbox 417 1986 487 2042; x_wconf 89' lang='lat' dir='ltr'><strong>Et</strong></span> <span class='ocrx_word' id='word_1_123' title='bbox 511 1987 725 2061; x_wconf 80' lang='lat' dir='ltr'><strong>pietas,</strong></span> <span class='ocrx_word' id='word_1_124' title='bbox 756 2004 812 2046; x_wconf 90' lang='lat' dir='ltr'><strong>et</strong></span> <span class='ocrx_word' id='word_1_125' title='bbox 837 1990 961 2048; x_wconf 82' lang='lat' dir='ltr'><strong>laesa</strong></span> <span class='ocrx_word' id='word_1_126' title='bbox 989 1994 1160 2065; x_wconf 83' lang='lat' dir='ltr'><strong>fides,</strong></span> <span class='ocrx_word' id='word_1_127' title='bbox 1191 2009 1536 2076; x_wconf 82' lang='lat' dir='ltr'><strong>naturaque,</strong></span> <span class='ocrx_word' id='word_1_128' title='bbox 1567 2013 1623 2058; x_wconf 88' lang='lat' dir='ltr'><strong>et</strong></span> <span class='ocrx_word' id='word_1_129' title='bbox 1652 2000 1757 2078; x_wconf 89' lang='lat' dir='ltr'><strong>ipsi</strong></span> 
     </span>
    </p>

    <p class='ocr_par' dir='ltr' id='par_1_16' title="bbox 359 2073 1855 2159">
     <span class='ocr_line' id='line_1_22' title="bbox 359 2073 1855 2159; baseline 0.012 -37"><span class='ocrx_word' id='word_1_130' title='bbox 359 2094 388 2122; x_wconf 87' lang='lat'>«</span> <span class='ocrx_word' id='word_1_131' title='bbox 408 2073 782 2129; x_wconf 82' lang='lat' dir='ltr'><strong>Eumenidum</strong></span> <span class='ocrx_word' id='word_1_132' title='bbox 808 2096 1012 2134; x_wconf 77' lang='lat' dir='ltr'><strong>mores·</strong></span> <span class='ocrx_word' id='word_1_133' title='bbox 1042 2081 1153 2156; x_wconf 85' lang='lat' dir='ltr'><strong>Sed</strong></span> <span class='ocrx_word' id='word_1_134' title='bbox 1179 2094 1239 2137; x_wconf 89' lang='lat' dir='ltr'><strong>tu</strong></span> <span class='ocrx_word' id='word_1_135' title='bbox 1271 2103 1440 2159; x_wconf 87' lang='lat' dir='ltr'><strong>snper</strong></span> <span class='ocrx_word' id='word_1_136' title='bbox 1473 2087 1610 2142; x_wconf 90' lang='lat' dir='ltr'><strong>urbe</strong></span> <span class='ocrx_word' id='word_1_137' title='bbox 1636 2086 1855 2142; x_wconf 85' lang='lat' dir='ltr'><strong>moveri</strong></span> 
     </span>
    </p>

    <p class='ocr_par' dir='ltr' id='par_1_17' title="bbox 361 2156 1820 2245">
     <span class='ocr_line' id='line_1_23' title="bbox 361 2156 1820 2245; baseline 0.012 -36"><span class='ocrx_word' id='word_1_138' title='bbox 361 2178 391 2208; x_wconf 78' lang='grc' dir='ltr'>α</span> <span class='ocrx_word' id='word_1_139' title='bbox 412 2156 586 2212; x_wconf 82' lang='lat' dir='ltr'><strong>Parce</strong></span> <span class='ocrx_word' id='word_1_140' title='bbox 616 2170 708 2215; x_wconf 88' lang='lat' dir='ltr'><strong>tua</strong></span> <span class='ocrx_word' id='word_1_141' title='bbox 738 2179 749 2211; x_wconf 91' lang='lat'>:</span> <span class='ocrx_word' id='word_1_142' title='bbox 776 2181 888 2215; x_wconf 91' lang='lat' dir='ltr'><strong>non</strong></span> <span class='ocrx_word' id='word_1_143' title='bbox 913 2162 1023 2218; x_wconf 92' lang='lat' dir='ltr'><strong>hoc</strong></span> <span class='ocrx_word' id='word_1_144' title='bbox 1050 2168 1218 2221; x_wconf 83' lang='lat' dir='ltr'><strong>statui</strong></span> <span class='ocrx_word' id='word_1_145' title='bbox 1245 2168 1346 2223; x_wconf 90' lang='lat' dir='ltr'><strong>sub</strong></span> <span class='ocrx_word' id='word_1_146' title='bbox 1376 2181 1627 2245; x_wconf 87' lang='lat' dir='ltr'><strong>tempore</strong></span> <span class='ocrx_word' id='word_1_147' title='bbox 1652 2172 1820 2227; x_wconf 89' lang='lat' dir='ltr'><strong>rebus</strong></span> 
     </span>
    </p>

    <p class='ocr_par' dir='ltr' id='par_1_18' title="bbox 360 2244 1688 2329">
     <span class='ocr_line' id='line_1_24' title="bbox 360 2244 1688 2329; baseline 0.016 -37"><span class='ocrx_word' id='word_1_148' title='bbox 360 2264 388 2292; x_wconf 89' lang='lat'>«</span> <span class='ocrx_word' id='word_1_149' title='bbox 408 2244 691 2298; x_wconf 79' lang='lat' dir='ltr'><strong>Occasum</strong></span> <span class='ocrx_word' id='word_1_150' title='bbox 716 2247 924 2303; x_wconf 78' lang='lat' dir='ltr'><strong>Aoniis,</strong></span> <span class='ocrx_word' id='word_1_151' title='bbox 955 2249 1164 2306; x_wconf 84' lang='lat' dir='ltr'><strong>Veniet</strong></span> <span class='ocrx_word' id='word_1_152' title='bbox 1196 2255 1502 2329; x_wconf 87' lang='lat' dir='ltr'><strong>suspectior</strong></span> <span class='ocrx_word' id='word_1_153' title='bbox 1525 2268 1688 2327; x_wconf 80' lang='lat' dir='ltr'><strong>aetaS,</strong></span> 
     </span>
    </p>

    <p class='ocr_par' dir='ltr' id='par_1_19' title="bbox 356 2324 1798 2414">
     <span class='ocr_line' id='line_1_25' title="bbox 356 2324 1798 2414; baseline 0.013 -40"><span class='ocrx_word' id='word_1_154' title='bbox 356 2347 389 2374; x_wconf 74' lang='grc' dir='ltr'><strong>«ι</strong></span> <span class='ocrx_word' id='word_1_155' title='bbox 409 2324 743 2404; x_wconf 84' lang='lat' dir='ltr'><strong>Ultoresque</strong></span> <span class='ocrx_word' id='word_1_156' title='bbox 771 2328 862 2384; x_wconf 77' lang='lat' dir='ltr'><strong>alii</strong></span> <span class='ocrx_word' id='word_1_157' title='bbox 887 2349 901 2385; x_wconf 70' lang='grc' dir='ltr'>ι</span> <span class='ocrx_word' id='word_1_158' title='bbox 931 2352 1080 2389; x_wconf 88' lang='lat' dir='ltr'><strong>nunc</strong></span> <span class='ocrx_word' id='word_1_159' title='bbox 1108 2336 1258 2411; x_wconf 83' lang='lat' dir='ltr'><strong>regia</strong></span> <span class='ocrx_word' id='word_1_160' title='bbox 1283 2341 1315 2392; x_wconf 85' lang='lat' dir='ltr'><strong>J</strong></span> <span class='ocrx_word' id='word_1_161' title='bbox 1320 2359 1426 2394; x_wconf 87' lang='lat' dir='ltr'><strong>uno</strong></span> <span class='ocrx_word' id='word_1_162' title='bbox 1455 2352 1748 2414; x_wconf 65' lang='lat' dir='ltr'><strong>queretur„</strong></span> <span class='ocrx_word' id='word_1_163' title='bbox 1771 2363 1798 2393; x_wconf 64' lang='lat' dir='ltr'><strong>»a</strong></span> 
     </span>
    </p>

    <p class='ocr_par' dir='ltr' id='par_1_20' title="bbox 426 2411 1688 2501">
     <span class='ocr_line' id='line_1_26' title="bbox 426 2411 1688 2501; baseline 0.012 -36"><span class='ocrx_word' id='word_1_164' title='bbox 426 2411 529 2469; x_wconf 86' lang='lat' dir='ltr'><strong>His</strong></span> <span class='ocrx_word' id='word_1_165' title='bbox 553 2412 644 2469; x_wconf 87' lang='lat' dir='ltr'><strong>ille</strong></span> <span class='ocrx_word' id='word_1_166' title='bbox 676 2414 909 2487; x_wconf 81' lang='lat' dir='ltr'><strong>auditis,</strong></span> <span class='ocrx_word' id='word_1_167' title='bbox 940 2433 1297 2498; x_wconf 87' lang='lat' dir='ltr'><strong>mentemque</strong></span> <span class='ocrx_word' id='word_1_168' title='bbox 1323 2422 1688 2501; x_wconf 84' lang='lat' dir='ltr'><strong>habitumque</strong></span> 
     </span>
    </p>

    <p class='ocr_par' dir='ltr' id='par_1_21' title="bbox 572 2502 912 2577">
     <span class='ocr_line' id='line_1_27' title="bbox 572 2502 912 2577; baseline 0.012 -23"><span class='ocrx_word' id='word_1_169' title='bbox 572 2502 840 2577; x_wconf 54' lang='lat' dir='ltr'><strong>recepit?</strong></span> <span class='ocrx_word' id='word_1_170' title='bbox 892 2515 912 2530; x_wconf 76' lang='lat'><em>⁶</em></span> 
     </span>
    </p>

    <p class='ocr_par' dir='ltr' id='par_1_22' title="bbox 349 2582 1690 2673">
     <span class='ocr_line' id='line_1_28' title="bbox 349 2582 1690 2673; baseline 0.011 -38"><span class='ocrx_word' id='word_1_171' title='bbox 349 2582 427 2637; x_wconf 85' lang='lat' dir='ltr'><strong>Ut</strong></span> <span class='ocrx_word' id='word_1_172' title='bbox 454 2601 582 2640; x_wconf 90' lang='lat' dir='ltr'><strong>cum</strong></span> <span class='ocrx_word' id='word_1_173' title='bbox 606 2584 721 2642; x_wconf 87' lang='lat' dir='ltr'><strong>sole</strong></span> <span class='ocrx_word' id='word_1_174' title='bbox 748 2587 922 2660; x_wconf 87' lang='lat' dir='ltr'><strong>malo,</strong></span> <span class='ocrx_word' id='word_1_175' title='bbox 951 2592 1212 2670; x_wconf 79' lang='lat' dir='ltr'><strong>tristique</strong></span> <span class='ocrx_word' id='word_1_176' title='bbox 1239 2597 1445 2653; x_wconf 80' lang='lat' dir='ltr'><strong>rosaria</strong></span> <span class='ocrx_word' id='word_1_177' title='bbox 1471 2596 1690 2673; x_wconf 86' lang='lat' dir='ltr'><strong>pallent</strong></span> 
     </span>
    </p>

    <p class='ocr_par' dir='ltr' id='par_1_23' title="bbox 352 2668 1740 2755">
     <span class='ocr_line' id='line_1_29' title="bbox 352 2668 1740 2755; baseline 0.009 -33"><span class='ocrx_word' id='word_1_178' title='bbox 352 2668 487 2723; x_wconf 82' lang='lat' dir='ltr'><strong>Usta</strong></span> <span class='ocrx_word' id='word_1_179' title='bbox 514 2673 696 2741; x_wconf 90' lang='lat' dir='ltr'><strong>Noto;</strong></span> <span class='ocrx_word' id='word_1_180' title='bbox 726 2672 769 2728; x_wconf 89' lang='lat' dir='ltr'><strong>si</strong></span> <span class='ocrx_word' id='word_1_181' title='bbox 799 2672 944 2732; x_wconf 80' lang='lat' dir='ltr'><strong>clara</strong></span> <span class='ocrx_word' id='word_1_182' title='bbox 972 2676 1130 2748; x_wconf 64' lang='lat' dir='ltr'><strong>dies,</strong></span> <span class='ocrx_word' id='word_1_183' title='bbox 1148 2680 1514 2755; x_wconf 81' lang='lat' dir='ltr'><strong>Zephyrique</strong></span> <span class='ocrx_word' id='word_1_184' title='bbox 1543 2680 1740 2735; x_wconf 84' lang='lat' dir='ltr'><strong>refecit</strong></span> 
     </span>
    </p>

    <p class='ocr_par' dir='ltr' id='par_1_24' title="bbox 347 2753 1850 2838">
     <span class='ocr_line' id='line_1_30' title="bbox 347 2753 1850 2838; baseline 0.011 -32"><span class='ocrx_word' id='word_1_185' title='bbox 347 2753 502 2807; x_wconf 82' lang='lat' dir='ltr'><strong>Aura</strong></span> <span class='ocrx_word' id='word_1_186' title='bbox 518 2754 710 2828; x_wconf 87' lang='lat' dir='ltr'><strong>polum</strong></span> <span class='ocrx_word' id='word_1_187' title='bbox 725 2798 748 2825; x_wconf 63' lang='lat'><strong>‚,</strong></span> <span class='ocrx_word' id='word_1_188' title='bbox 761 2760 910 2815; x_wconf 85' lang='lat' dir='ltr'><strong>redit</strong></span> <span class='ocrx_word' id='word_1_189' title='bbox 928 2762 1106 2815; x_wconf 88' lang='lat' dir='ltr'><strong>omnis</strong></span> <span class='ocrx_word' id='word_1_190' title='bbox 1117 2761 1314 2830; x_wconf 87' lang='lat' dir='ltr'><strong>honos,</strong></span> <span class='ocrx_word' id='word_1_191' title='bbox 1333 2760 1642 2838; x_wconf 83' lang='lat' dir='ltr'><strong>emissaque</strong></span> <span class='ocrx_word' id='word_1_192' title='bbox 1657 2762 1850 2821; x_wconf 90' lang='lat' dir='ltr'><strong>lucent</strong></span> 
     </span>
    </p>

    <p class='ocr_par' dir='ltr' id='par_1_25' title="bbox 346 2834 1755 2924">
     <span class='ocr_line' id='line_1_31' title="bbox 346 2834 1755 2924; baseline 0.01 -36"><span class='ocrx_word' id='word_1_193' title='bbox 346 2834 643 2905; x_wconf 77' lang='lat' dir='ltr'><strong>Germina,</strong></span> <span class='ocrx_word' id='word_1_194' title='bbox 674 2852 729 2895; x_wconf 84' lang='lat' dir='ltr'><strong>et</strong></span> <span class='ocrx_word' id='word_1_195' title='bbox 751 2839 1016 2896; x_wconf 86' lang='lat' dir='ltr'><strong>informes</strong></span> <span class='ocrx_word' id='word_1_196' title='bbox 1043 2855 1208 2899; x_wconf 82' lang='lat' dir='ltr'><strong>ornat</strong></span> <span class='ocrx_word' id='word_1_197' title='bbox 1235 2864 1329 2900; x_wconf 82' lang='lat' dir='ltr'><strong>sua</strong></span> <span class='ocrx_word' id='word_1_198' title='bbox 1355 2843 1525 2920; x_wconf 85' lang='lat' dir='ltr'><strong>gloria</strong></span> <span class='ocrx_word' id='word_1_199' title='bbox 1550 2846 1755 2924; x_wconf 81' lang='lat' dir='ltr'><strong>virgaS.</strong></span> 
     </span>
    </p>

    <p class='ocr_par' dir='ltr' id='par_1_26' title="bbox 355 2924 1808 3096">
     <span class='ocr_line' id='line_1_32' title="bbox 416 2924 1808 3002; baseline 0.013 -29"><span class='ocrx_word' id='word_1_200' title='bbox 416 2924 653 2979; x_wconf 88' lang='lat' dir='ltr'><strong>Nuntius</strong></span> <span class='ocrx_word' id='word_1_201' title='bbox 671 2926 933 2983; x_wconf 85' lang='lat' dir='ltr'><strong>attonitas</strong></span> <span class='ocrx_word' id='word_1_202' title='bbox 946 2927 1276 3002; x_wconf 84' lang='lat' dir='ltr'><strong>jamdudum</strong></span> <span class='ocrx_word' id='word_1_203' title='bbox 1293 2931 1536 2989; x_wconf 83' lang='lat' dir='ltr'><strong>Eteoclis</strong></span> <span class='ocrx_word' id='word_1_204' title='bbox 1552 2932 1623 2988; x_wconf 87' lang='lat' dir='ltr'><strong>ad</strong></span> <span class='ocrx_word' id='word_1_205' title='bbox 1643 2954 1808 2991; x_wconf 87' lang='lat' dir='ltr'><strong>aures</strong></span> 
     </span>
     <span class='ocr_line' id='line_1_33' title="bbox 355 2999 1735 3096; baseline 0.015 -40"><span class='ocrx_word' id='word_1_206' title='bbox 355 2999 656 3078; x_wconf 69' lang='lat' dir='ltr'><strong>Explorate</strong></span> <span class='ocrx_word' id='word_1_207' title='bbox 685 3010 865 3068; x_wconf 80' lang='lat' dir='ltr'><strong>serens</strong></span> <span class='ocrx_word' id='word_1_208' title='bbox 880 3052 895 3081; x_wconf 89' lang='lat'><strong>,</strong></span> <span class='ocrx_word' id='word_1_209' title='bbox 922 3011 1280 3088; x_wconf 82' lang='lat' dir='ltr'><strong>longodocet</strong></span> <span class='ocrx_word' id='word_1_210' title='bbox 1300 3016 1514 3096; x_wconf 85' lang='lat' dir='ltr'><strong>agmine</strong></span> <span class='ocrx_word' id='word_1_211' title='bbox 1536 3018 1735 3088; x_wconf 86' lang='lat' dir='ltr'><strong>Graios</strong></span> 
     </span>
    </p>
   </div>
  </div>
 </body>
</html>
