2079 3613
259 282 388 344 366
527 288 977 355 ΤΗΕΒΑ1Βο5,
1028 291 1170 339 Lm.
1220 290 1358 341 ΧΠ.
1427 287 1564 361 4338

261 413 289 443 α
311 389 426 447 Sed
446 389 590 446 bene
608 388 783 445 habet
802 428 819 460 ‚
846 387 1077 466 Superi!
1102 401 1319 465 gratum
1347 401 1431 446 est
1452 430 1468 460 ,
1492 390 1717 447 fortuna
1745 407 1758 443 ε

476 489 710 554 peracta
746 488 828 531 est

254 587 284 614 ιι
307 563 453 637 Spes
477 560 784 638 longinqua
811 560 949 617 viae:
979 572 1129 617 totos
1153 560 1470 618 invenimus
1496 573 1667 617 artus.

254 673 288 700 e«
310 651 418 705 Hei
440 648 604 704 mihi!
636 647 732 705 sed
760 658 973 723 quanto
995 646 1282 704 descendit
1307 648 1507 705 vulnus
1531 647 1722 704 hiatu!

259 759 288 788 α
309 738 431 791 Hoc
456 734 654 794 frater!
682 753 794 808 qua
821 749 986 809 parte
1004 774 1023 805 ,
1045 753 1283 810 precor,
1305 736 1452 810 jacet
1468 734 1563 791 ille

476 817 746 875 nefandus
902 882 909 891 ι

261 930 289 961 «
313 903 634 962 Praedator?
655 904 874 961 vincam
898 904 1155 961 volucres
1172 945 1189 974 ,
1217 905 1288 961 sit
1310 904 1461 961 adire
1477 915 1726 981 potestas
1746 947 1761 975 ,

262 1018 293 1045 α
315 991 738 1067 Excludamque
767 991 936 1047 feras.
966 991 1059 1046 An
1081 990 1260 1047 habet
1287 993 1536 1048 funestus
1563 1004 1621 1046 et

481 1076 637 1149 ignes
661 1074 687 1134 ?

263 1185 290 1214 «
312 1161 423 1219 Sed
448 1181 555 1217 nec
577 1172 633 1216 te
652 1160 886 1217 flammis
910 1161 1136 1236 inopem
1156 1172 1249 1216 tua
1277 1173 1432 1217 terra
1451 1158 1687 1217 videbit.

259 1271 285 1299 ι(
311 1247 585 1317 Ardebis,
615 1245 998 1323 lacrymasque
1015 1247 1198 1316 feres,
1227 1267 1402 1322 quas
1393 1248 1539 1302 ferre

465 1344 734 1407 negatum

263 1444 291 1475 «
313 1419 595 1496 Regibus,
625 1433 1012 1493 aeternumque
1041 1431 1137 1474 tuo
1167 1419 1441 1478 famulata
1469 1420 1732 1499 sepulcro

263 1533 291 1561 «
311 1505 550 1562 Durabit
577 1505 736 1562 desei
742 1517 794 1560 ta
822 1496 989 1575 fides;
1016 1504 1279 1581 testisque
1307 1506 1562 1565 dolorum

265 1616 293 1648 α
315 1593 497 1651 Natus
519 1590 624 1647 exit
643 1633 659 1662 ‚
682 1612 823 1667 parv
829 1610 972 1666 oque
988 1596 1174 1647 torum
1200 1591 1466 1670 Polynice
1496 1591 1766 1651 fovebo.»

333 1678 479 1733 Ecce
504 1678 642 1733 alios
664 1677 900 1753 gemitus
917 1718 935 1746 ‚
965 1676 1243 1753 aliamque
1271 1678 1345 1733 ad
1366 1678 1528 1735 busta
1549 1676 1771 1735 ferebat

259 1763 540 1839 Antigone
554 1763 872 1821 miseranda
891 1765 1071 1820 facem
1090 1808 1107 1832 ,
1132 1763 1224 1820 vix
1249 1777 1410 1821 nacta
1433 1765 1646 1840 petitos

259 1851 537 1908 Moenibus
566 1870 849 1928 egressu55
882 1850 1031 1905 illam
1057 1871 1189 1907 nam
1210 1864 1466 1929 tempore
1494 1852 1551 1907 in
1575 1850 1727 1907 omni

261 1936 581 1995 Attendunt
607 1937 837 2030 vigileS,
868 1949 922 1993 et
946 1957 1048 1993 lex
1074 1937 1277 2011 jubet
1261 1957 1381 2013 ipse
1397 1937 1583 1995 timeri
1600 1979 1616 2008 ‚

264 2022 699 2099 Contract‘rque
719 2001 903 2090 vices,
933 2035 987 2079 et
1015 2021 1266 2078 crebrior
1292 2022 1579 2080 excubat
1562 2023 1725 2100 ignis.

264 2110 409 2185 Ergo
432 2111 593 2178 Deis
625 2111 687 2165 ss:
717 2111 897 2184 ique
923 2127 1108 2164 molas
1136 2119 1398 2180 excusat,
1422 2121 1474 2165 et
1503 2129 1692 2167 amens
1715 2151 1733 2181 ,

261 2200 339 2252 Ut
365 2191 636 2270 paulum
621 2193 867 2248 1mmisso
896 2194 1061 2250 cessit
1087 2193 1252 2250 statio
1281 2193 1507 2252 horrida
1534 2196 1732 2253 somno
1753 2236 1770 2267 ‚

260 2280 519 2356 Erumpit
546 2280 720 2334 muris
739 2277 961 2336 fremitu
980 2322 996 2350 ,
1019 2300 1135 2356 quo
1152 2280 1372 2337 territat
1391 2300 1554 2357 agros

260 2365 514 2442 Virginis
539 2365 617 2421 ira
636 2363 734 2421 leae
748 2363 930 2421 rabies
946 2407 962 2437 ‚
991 2366 1085 2422 eui
1114 2364 1293 2423 libera
1312 2365 1536 2424 tan'dem
1554 2409 1570 2437 ,

263 2454 335 2509 Et
358 2454 569 2531 primus
585 2452 700 2510 sine
716 2463 893 2509 matre
924 2450 1103 2511 furor.
1133 2454 1252 2511 Nec
1280 2451 1684 2531 longa'morata

484 2553 606 2610 est;

264 2623 495 2703 Quippe
522 2619 739 2683 trucem
766 2645 1058 2703 campum,
1082 2638 1140 2683 et
1165 2623 1380 2705 positus
1400 2643 1516 2701 quo
1541 2622 1773 2702 pulvere

492 2714 664 2770 frater

270 2798 541 2855 Noverat.
571 2802 758 2875 Atque
783 2799 934 2856 illam
967 2812 1161 2856 contra
1178 2798 1336 2856 videt
1358 2798 1437 2853 ire
1462 2799 1737 2858 Menoetes
1755 2838 1772 2867 .,

266 2884 378 2957 Qui
392 2874 580 2952 vacat}
608 2900 663 2942 et
691 2906 828 2946 carae
843 2887 1076 2964 gemitus
1091 2886 1399 2962 compescit
1428 2885 1682 2941 alumnae.

267 2970 413 3025 Cum
432 2982 620 3027 tamen
641 2987 858 3029 erectas
882 2985 1165 3030 extremus
1187 2965 1416 3048 virginis
1433 2990 1593 3027 aures

268 3057 512 3114 A'ccessit
539 3077 710 3114 sonus
734 3079 748 3129 ;
776 3071 952 3137 utque
980 3070 1100 3117 atra
1125 3060 1228 3118 sub
1257 3071 1413 3116 veste
1435 3100 1451 3130 ,
1483 3058 1774 3135 comisque
1847 3073 1851 3077 “
