2079 3613
296 236 380 307 84
619 243 1052 308 mammos,
1103 245 1251 306 mn.
1304 243 1409 294 lv.
1497 242 1580 302 ⁷23

294 349 450 402 Dant
471 344 706 421 gemitus
721 387 737 415 ‚
761 348 1067 420 fractaeque
1085 342 1275 400 labant
1296 343 1628 419 singultibus
1646 344 1759 405 irae.

371 429 462 487 Sic
489 428 583 485 ubi
608 430 754 486 forte
782 429 917 488 viris
939 428 1170 507 longum
1194 449 1359 503 super
1392 449 1584 505 aequor
1606 430 1763 488 ituris
1781 472 1799 502 ‚

297 520 441 577 Cum
464 518 577 594 jam
602 519 678 573 ad
705 517 831 575 vela
857 517 1026 588 Noti,
1055 528 1111 573 et
1134 516 1306 590 scisso·
1326 516 1474 574 redit
1500 518 1750 575 anchora

430 603 609 664 fundo
626 646 644 674 .,
952 661 961 668 ,

292 692 484 747 Haeret
510 688 939 747 amicamanus:
966 700 1183 744 certant
1212 687 1497 747 innectere
1520 689 1666 746 collo

292 777 536 834 Brachia
558 816 574 843 ,
614 787 1016 849 manantesque
1052 773 1262 831 oculos.
1303 777 1451 832 Hinc
1488 777 1677 834 oscula

442 859 674 915 turbant
689 901 706 931 ‚

293 945 446 1001 Hinc
470 946 654 1020 magni
685 943 862 1021 caligo
886 944 1057 1001 maris
1078 946 1094 1015 ’;
1127 944 1469 1022 tandemque
1492 946 1671 1004 relicti

294 1033 455 1089 Stant
479 1033 537 1087 in
566 1052 703 1109 rupe
729 1046 915 1089 tamen
938 1051 951 1087 :
984 1032 1252 1109 fugientia
1273 1033 1499 1090 carbasa
1524 1040 1648 1092 visu

292 1119 470 1175 Dulce
505 1119 701 1195 sequi,
736 1121 1067 1196 patriosque
1094 1119 1288 1176 dolent
1313 1119 1676 1178 crebrescere

441 1218 665 1262 ventos-

365 1290 533 1347 Nunc
566 1289 744 1360 mihi,
780 1291 955 1347 Fama
982 1292 1164 1369 prior,
1197 1296 1509 1370 mundique
1545 1313 1744 1351 arcana

505 1381 805 1448 vetustam,

290 1460 402 1520 Cui
418 1460 735 1519 meminisse
752 1465 961 1521 ducum
978 1507 994 1535 ‚
1016 1466 1271 1540 vitasque
1288 1463 1591 1522 extendere
1612 1484 1757 1523 curae
1774 1508 1793 1536 ‚

290 1551 478 1607 Pande
504 1548 688 1606 viros:
716 1563 888 1627 tuque
915 1571 948 1607 o
971 1550 1217 1607 nemoris
1242 1550 1433 1627 regina
1459 1553 1684 1618 sonori,

292 1634 577 1710 Calliope!
599 1647 739 1710 quas
764 1635 857 1690 ille
882 1655 1107 1707 manuS,
1138 1656 1260 1711 quae
1287 1637 1520 1694 moverit
1545 1656 1697 1693 arma

292 1719 610 1791 Gradivus,
637 1734 869 1796 quantas
893 1714 1115 1799 populis
1136 1722 1462 1798 spoliaverit
1485 1722 1677 1793 urbeS,

290 1804 737 1881 Sublatamolire
756 1808 900 1886 lyra.
930 1815 1048 1865 Nec
1071 1810 1220 1866 enim
1245 1809 1412 1866 altior
1433 1809 1533 1865 ulli

289 1894 446 1950 Mens
462 1893 662 1949 hausto
685 1892 757 1951 de
777 1896 934 1951 fonte
957 1897 1135 1952 venit.
1165 1900 1277 1951 Rex
1305 1896 1480 1953 tristis
1498 1936 1513 1964 ,
1535 1906 1590 1950 et
1615 1912 1762 1971 aeger

286 1977 535 2035 Pondere
561 1999 816 2035 curarum
831 2021 847 2050 ‚
871 1982 1218 2057 propiorque
1244 1979 1581 2036 abeuntibus
1603 1979 1757 2035 annis
1772 2021 1791 2049 ,

288 2064 446 2120 Inter
466 2062 830 2121 adhortantes
850 2067 945 2121 vix
968 2076 1167 2139 sponte
1194 2062 1405 2118 incedit
1431 2064 1735 2134 Adrastus,

289 2140 598 2207 Contentus
618 2154 763 2209 ferro
790 2151 937 2227 cingi
961 2150 1109 2206 latus
1132 2168 1146 2204 ε
1176 2164 1329 2204 arma
1356 2152 1589 2226 manipli

283 2234 436 2290 Pone
460 2237 641 2307 ferunt
668 2236 945 2294 volucres.
976 2236 1158 2290 Portis
1183 2235 1374 2309 auriga
1400 2236 1499 2290 sub
1524 2235 1661 2311 ipsis

275 2320 468 2377 'comit
497 2342 696 2398 equos,
726 2335 781 2377 et
800 2317 913 2396 jam
935 2320 1068 2376 inde
1098 2323 1232 2394 jugo
1258 2320 1507 2375 luctatur
1532 2322 1730 2377 Arion.

281 2404 430 2459 Huic
452 2407 861 2467 armatLarissa
881 2405 1059 2461 viros:
1084 2403 1219 2458 huic
1247 2404 1389 2461 celsa
1413 2407 1713 2482 Prosymne
1729 2451 1749 2476 ,

277 2487 489 2563 Aptior
513 2491 770 2565 armentis
793 2488 1013 2555 Media,
1039 2482 1423 2566 pecorosaque
1445 2490 1669 2568 Phyllos
1684 2533 1702 2563 ‚

277 2577 530 2650 Quaeque
551 2588 722 2653 pavet
743 2576 907 2650 longa
923 2588 1271 2649 spumantem
1288 2575 1430 2634 valle
1447 2577 1782 2636 Charadron

278 2659 446 2715 Neris
462 2702 478 2730 ,
516 2675 570 2715 et
609 2661 823 2736 ingenti
861 2659 1071 2715 turritae
1105 2661 1248 2717 mole
1284 2661 1508 2720 Cleonae
1525 2707 1543 2737 ‚

278 2741 350 2796 Et
373 2743 861 2799 Lacedaemonium
886 2744 1081 2820 Thyre
1109 2747 1330 2803 lectura*
1349 2765 1624 2806 cruorem.

274 2825 603 2902 Junguntur
620 2846 894 2884 memores
920 2833 1220 2890 transmissi
1249 2834 1328 2890 ab
1353 2835 1564 2913 origine
1595 2833 1776 2910 regiS‚

273 2911 389 2984 Qui
416 2909 668 2987 Drepani
694 2916 982 2990 scopulos,
1014 2932 1069 2974 et
1086 2920 1350 2979 oliviferae
1375 2920 1629 3000 Sicyonis

273 2997 441 3058 Culta
470 3012 695 3075 serunt,
726 3023 862 3080 quos
889 3006 1048 3084 pigra
1074 3009 1223 3068 vado
1249 3008 1454 3086 Langia
1482 3007 1694 3066 tacenti
