2079 3613
197 231 201 236 ·
264 218 393 280 538
527 230 962 298 summum,
1015 231 1159 282 un.
1212 232 1321 282 lv.
1453 247 1528 306 99

404 325 475 381 Et
501 325 635 384 totis
657 326 929 402 Ligurum
951 325 1141 383 nitens
1164 325 1404 382 metallis
1418 367 1437 398 ,

400 414 660 485 Quantus
684 412 873 468 nubila
901 423 1014 488 quo
1037 425 1271 469 coronat
1292 411 1419 469 Iris·

401 496 531 553 Illic
554 497 800 557 flectitur
822 499 999 556 exitus
1025 500 1273 567 viarum3

404 580 530 638 Illic
552 582 741 659 Appia
770 603 828 640 se
854 582 1007 640 dolet
1027 582 1293 660 relinqui.

318 692 323 693 ff
407 669 567 722 Tunc
595 668 877 736 velocior,
910 668 1208 743 acriorque
1224 685 1446 736 curma,
1470 719 1473 722 ,

407 751 568 808 Tunc
591 752 741 829 ipsos
765 754 922 826 juvat
943 754 1185 831 impetus
1203 753 1449 832 jugales:

406 838 528 894 Ceu
548 880 564 907 ‚
590 836 741 895 fessis
768 838 866 895 ubi
889 837 1163 915 remigum
1187 836 1411 895 lacertis
1430 879 1448 908 ‚

355 971 367 981 .
404 924 599 980 Primae
620 963 645 991 ,
667 924 897 982 cadesa
921 926 1242 996 ventilatis,
1275 944 1442 982 aurae.

472 1010 619 1085 Ergo
649 1030 845 1067 omnes
865 1055 882 1078 ,
905 1032 1032 1087 age,
1062 1031 1187 1087 quae
1212 1009 1317 1068 sub
1342 1029 1450 1067 axe
1473 1008 1660 1088 primo

397 1094 631 1151 Romani
654 1095 837 1154 colitis
861 1095 1033 1153 fidem
1062 1094 1310 1172 parentis

402 1180 591 1236 Prono
616 1179 794 1237 limite
820 1194 1155 1250 commeate,
1179 1192 1395 1257 gentes·

404 1265 565 1335 ane,
595 1265 758 1324 citius
780 1267 1002 1337 venite,
1032 1264 1257 1327 laurusx:
1447 1252 1458 1265 ⁸

403 1349 496 1405 Nil
521 1349 707 1408 obstat
733 1350 952 1426 cupidis
969 1392 984 1420 ‚
1015 1350 1094 1406 nil
1141 1361 1411 1408 moratur.

397 1434 512 1506 Qui
534 1433 719 1510 primo
739 1436 1007 1512 Tyberim
1025 1434 1298 1511 relinquit
1324 1447 1454 1493 ortu
1472 1475 1489 1507 ‚

397 1517 585 1576 Primo
610 1538 847 1597 vespere
871 1519 1099 1597 navigat
1121 1519 1454 1595 Lucrinum..

466 1602 583 1660 Sed
606 1624 774 1680 quam
796 1605 909 1662 fine
935 1606 1037 1662 viae
1057 1604 1300 1663 recentis
1318 1604 1431 1660 imo‘
1450 1644 1467 1674 ‚

399 1693 522 1762 Qua
547 1702 819 1746 monstrat
837 1702 1062 1748 veteres
1084 1688 1289 1766 Apollo
1311 1692 1519 1747 Cumas
1542 1726 1564 1758 ‚

399 1774 603 1832 Albam
633 1774 909 1845 crinibus,
936 1773 1242 1853 infulisque
1271 1794 1439 1833 cerno
1462 1769 1491 1832 ’.Ρ
1625 1773 1638 1783 “

393 1861 537 1921 Visu
558 1860 836 1919 fallimur?
863 1883 935 1919 an
961 1851 1134 1918 saffis
1157 1861 1261 1919 sub
1282 1860 1457 1917 antris

393 1946 614 2003 Profert
634 1946 988 2005 Chalcidicas
1009 1946 1223 2024 Sibylla
1249 1944 1485 2009 laurus?

394 2034 712 2105 Cedamus3
739 2032 908 2109 chely
927 2074 944 2104 ,
970 2032 1084 2107 jam
1110 2053 1320 2112 repone
1342 2043 1572 2091 cantum

394 2122 568 2175 Vates
593 2120 838 2178 sanctior
864 2118 1061 2196 incipit
1086 2137 1101 2175 ε
1129 2119 1432 2178 tacendum
1461 2132 1561 2181 est.

256 2217 259 2222 ·
390 2201 507 2258 En!
529 2198 584 2257 et
605 2202 747 2259 colla
766 2215 952 2273 rotat,
973 2202 1249 2278 novisque
1274 2203 1388 2261 late

292 2279 297 2282 ’
390 2286 708 2343 Bacchatur
727 2287 921 2364 spatiis
939 2329 956 2357 ‚
984 2286 1245 2364 viamque
1272 2288 1477 2368 replet.

389 2372 557 2429 Tunc
584 2372 663 2429 sic
689 2372 941 2448 virgineo
966 2374 1226 2451 profatur
1247 2393 1376 2431 ore:

462 2481 491 2511 α
515 2459 792 2516 Dicebam
811 2501 828 2529 ‚
852 2461 1039 2517 veniet
1057 2502 1074 2530 .,
1106 2473 1324 2517 manete
1344 2459 1569 2537 campi,

397 2565 428 2595 α
447 2541 626 2619 Atque
649 2545 860 2614 amnis;
887 2546 1105 2617 veniet,
1142 2545 1367 2604 favente
1392 2544 1532 2603 coelo
1553 2588 1570 2618 ,

390 2651 420 2681 κ
439 2630 549 2701 Qui
579 2630 791 2689 foedum
814 2650 1010 2687 nemus
1026 2676 1046 2700 ,
1080 2644 1138 2688 et
1164 2645 1361 2708 putres
1383 2650 1582 2689 arenas

393 2735 423 2765 «t
439 2713 616 2774 Celsis
635 2715 902 2794 pontibus
929 2758 948 2789 ‚
981 2730 1038 2773 et
1064 2719 1152 2775 via
1176 2717 1409 2776 levabit.

395 2823 427 2850 «ι
440 2801 551 2857 En!
578 2802 672 2858 hic
703 2817 785 2860 est
804 2804 985 2871 Deus;
1010 2802 1156 2858 hunc
1181 2802 1341 2879 jubet
1363 2800 1543 2859 beatis

385 2918 413 2949 κ
438 2896 543 2949 Pro
571 2910 626 2946 se
644 2889 914 2964 Juppiter
930 2887 1211 2963 imperare
1234 2885 1397 2944 terris
1420 2904 1435 2941 ε

378 3004 406 3031 κ
425 2982 548 3053 Quo
569 2995 685 3033 non
713 2975 936 3053 dignior
959 2974 1067 3033 has
1093 2974 1240 3035 subit
1266 2970 1546 3043 habenas,
