2079 3613
772 251 1203 313 mmmmm,
1254 249 1398 298 un.
1449 248 1526 296 v,
1668 206 1795 315 587

296 396 1802 451 w»«nau-usflununuaw-m—aesffisa-«sdsnusss-

1009 526 1092 587 V.

780 664 1331 734 EPICEDION

845 815 915 853 IN
975 806 1255 851 rlzluu.

301 917 440 999 Mn
468 937 763 998 miserum!
791 954 976 1011 neque
1001 932 1152 989 enim
1173 928 1354 986 verbis
1382 926 1725 984 solemnibus

519 1023 632 1082 ulla

304 1112 582 1189 Incipiam
606 1126 789 1176 nunc,
813 1102 1065 1163 Castaliae
1090 1098 1375 1158 vocaiibus
1399 1093 1569 1152 undis

302 1196 526 1254 Invisus
543 1235 561 1264 .,
595 1190 917 1266 Phoeboque
944 1185 1164 1263 gravis:
1195 1202 1319 1259 quae
1341 1192 1527 1240 vestra
1552 1196 1806 1247 sorores,

301 1281 472 1357 Orgia
486 1323 502 1348 ‚
528 1275 744 1344 Pieriae,
771 1293 911 1351 quas
930 1269 1324 1329 incestavimus
1343 1283 1465 1321 aras
1482 1261 1514 1319 ⁴?

301 1367 488 1423 Dicite
512 1382 526 1419 z
549 1372 680 1439 post
698 1378 922 1436 poenam
943 1356 1111 1433 liceat
1127 1351 1418 1415 commissa
1444 1346 1633 1406 fateri.

303 1448 594 1524 Numquid
619 1446 899 1509 inaccesso
922 1440 1090 1521 posui
1117 1437 1350 1514 vestigia
1374 1435 1504 1492 luco
1519 1433 1549 1491 ἐ’

301 1539 450 1595 Num
473 1535 648 1594 vetito
669 1533 739 1588 de
762 1535 916 1590 sonte
940 1528 1062 1585 bibi
1077 1525 1105 1584 ’.Ρ
1123 1546 1246 1601 quae
1268 1523 1434 1599 culpa
1450 1520 1477 1579 ‘i'
1495 1518 1620 1597 quis

525 1637 688 1674 error
701 1623 724 1672 7

301 1711 486 1778 Quem
508 1702 714 1759 luimus
732 1698 904 1756 tantis
924 1691 1289 1754 moeroribus?
1313 1711 1450 1749 ecce
1470 1688 1698 1749 lacertis
1714 1729 1735 1759 ‚

302 1790 532 1847 Viscera
558 1799 747 1852 nostra
782 1796 983 1841 tenens
1003 1781 1356 1855 animamque
1375 1819 1392 1850 ‚
1416 1773 1675 1836 avellitur

530 1874 735 1929 infans-

303 1962 434 2019 Non
451 1959 525 2015 de
546 1958 720 2033 stirpe
743 1954 968 2031 quidem
987 1993 1004 2023 ,
1032 1969 1135 2008 nec
1156 1948 1251 2027 qui
1278 1966 1404 2003 mea
1422 1944 1651 2004 nomina

532 2044 743 2110 ferret,

301 2137 489 2191 Orave
508 2150 519 2182 ε
541 2147 656 2183 non
680 2127 896 2182 sueram
917 2122 1166 2200 genitor3
1190 2119 1292 2177 sed
1311 2118 1523 2175 cernite
1542 2115 1699 2173 fletus
1712 2158 1730 2186 ‚

302 2216 686 2287 Liventesque
707 2229 907 2285 genas,
940 2221 999 2264 et
1018 2205 1230 2263 credite
1256 2203 1581 2282 planctibus
1606 2200 1730 2258 orbi
1753 2217 1770 2256 t

301 2300 489 2358 Orbus
521 2317 645 2373 ego·
673 2297 801 2352 Huc
827 2307 1015 2381 patres
1041 2305 1098 2349 et
1118 2303 1315 2368 aperto
1341 2302 1577 2367 pectore
1604 2298 1818 2344 matres

305 2382 660 2441 Conveniam
682 2422 698 2449 ‚
728 2379 1018 2454 crinesque
1042 2378 1190 2452 rogis
1223 2388 1281 2431 et
1304 2395 1537 2430 munera
1560 2375 1742 2443 ferte,

303 2469 364 2526 si
386 2487 495 2543 qua
523 2464 627 2522 suh
652 2462 916 2521 uberibus
937 2460 1120 2537 plenis
1143 2459 1216 2515 ad
1243 2461 1437 2517 funera
1461 2473 1625 2516 natos

303 2558 466 2631 Ipsa,
494 2550 672 2630 gradu
704 2548 949 2617 labente,
979 2547 1136 2617 tulit,
1173 2544 1573 2621 madidumque
1601 2544 1812 2602 cecidit

292 2642 537 2709 ,PectuS‚
565 2648 619 2692 et
647 2634 904 2691 ardentes
929 2632 1183 2689 restinxit
1210 2631 1354 2687 lacte
1380 2629 1623 2700 favillam
1678 2697 1684 2702 ,

305 2722 574 2800 Quisquis
597 2718 785 2776 adhuc
805 2731 1010 2775 tenerae
1036 2717 1315 2796 signatum
1342 2716 1474 2773 flore
1500 2717 1745 2790 juventa

306 2807 591 2866 Immersit
615 2805 787 2862 cineri
814 2806 1077 2879 juvenem
1094 2843 1112 2874 ‚
1138 2801 1435 2879 primaque
1457 2800 1692 2877 jacentis

305 2897 546 2971 Sei-pere
575 2890 830 2948 crudeies
857 2888 1001 2948 vidit
1021 2888 1278 2966 lanugine
1305 2887 1551 2944 flammas
1569 2927 1592 2956 ,

308 2977 505 3054 Adsit,
535 2990 592 3040 et
616 2977 832 3038 alterno
850 2996 1074 3037 mecum
1100 2974 1342 3037 clamore
1369 2972 1623 3033 fatiscat:
