2079 3613
250 264 329 323 62
560 266 987 331 THEBAIDOS,
1037 270 1183 318 Lm.
1235 270 1350 318 111.
1458 266 1554 343 157

250 391 279 421 κ
300 370 379 424 At
407 380 616 444 quanto
644 368 867 437 meliu5‚
898 367 1209 442 dextraque
1238 367 1297 422 in
1327 380 1473 424 sorte
1506 369 1735 441 iugatae,

247 472 279 502 α
298 450 435 524 Quis
458 451 667 508 steriles
695 451 949 519 thalami,
971 449 1238 526 nulloque
1267 451 1476 508 ululata
1504 450 1697 506 dolore

247 559 276 588 ιι
294 538 563 613 Respexit
576 539 788 609 Lucina
805 536 1055 592 domum!
1073 538 1210 593 Mihi
1229 540 1444 613 quippe
1461 538 1736 593 malorum

243 644 275 673 κ
294 623 467 678 Causa
492 623 672 679 labor.
704 625 815 680 Sed
843 641 946 677 nec
966 620 1246 678 bellorum
1274 623 1333 677 in
1359 623 1483 677 luce
1510 620 1730 697 patenti

242 729 271 760 «c
292 707 598 783 Conspicui
623 707 814 777 factiS‚
844 719 1154 782 aeternaque
1182 707 1439 783 gentibus
1467 705 1584 762 ausi
1604 746 1621 775 ‚

243 811 272 841 <c
292 791 575 862 Quaesistis
599 791 809 847 miserae
829 791 1028 849 vulnus
1056 792 1418 848 memorabile
1446 789 1610 845 matri
1634 807 1648 844 2

243 895 270 928 α
291 873 406 933 Sed
428 887 671 931 mortem
705 873 1030 946 obscuram,
1074 875 1502 950 miserandaque
1540 875 1739 929 funera

375 979 545 1034 passi.

238 1069 266 1101 α
288 1046 420 1103 Heu
445 1058 684 1122 quantus
708 1046 856 1101 furto
877 1049 1069 1101 cruor!
1098 1055 1155 1099 et
1178 1042 1295 1099 sine
1319 1040 1482 1096 laude
1503 1040 1732 1115 jacetis!

240 1154 269 1186 t<
289 1132 438 1211 Quin
463 1151 589 1207 ege,
618 1154 729 1189 non
755 1131 980 1189 dextras
1007 1130 1225 1187 miseris
1253 1128 1641 1203 complexibus

384 1238 560 1274 ausim

238 1325 267 1356 κ
286 1302 551 1361 Dividere
571 1344 587 1372 ‚
615 1314 670 1358 et
694 1301 837 1358 tanti
862 1300 1144 1356 consortia
1167 1316 1434 1372 rumpere
1460 1297 1583 1351 leti.

237 1411 266 1441 κ
286 1390 371 1443 Ite
399 1387 500 1442 diu
525 1388 748 1443 fratres!
780 1385 1188 1459 indiscretique
1219 1380 1492 1457 supremis

235 1496 264 1526 κ
286 1472 519 1548 Ignibus
536 1514 552 1541 ‚
584 1485 638 1528 et
662 1490 821 1528 caros
849 1490 991 1525 urna
1021 1467 1350 1525 confundite
1381 1486 1590 1522 manes·
1615 1488 1642 1518 ιο

302 1560 421 1613 Nec
448 1558 627 1612 minus
651 1558 867 1611 interea
896 1554 1110 1631 digesta
1144 1567 1328 1629 strage
1356 1571 1616 1620 suorum,

231 1640 379 1697 Hinc
405 1640 729 1696 Chromium
757 1642 994 1715 conjux,
1030 1638 1163 1694 hinc
1193 1649 1375 1693 mater
1405 1637 1657 1693 Penthea

372 1723 575 1780 clamat

231 1811 552 1889 Astyoches
566 1830 580 1881 ;
594 1810 864 1886 puerique
879 1811 1065 1879 rudes,
1086 1822 1197 1878 tua,
1210 1806 1509 1877 Phaedime‚
1523 1806 1728 1883 proles,

227 1900 507 1957 Amissum
526 1897 793 1955 dedicere
810 1910 1030 1973 patrem
1047 1938 1063 1966 ‚
1088 1896 1479 1971 Marpissaquc
1500 1906 1732 1970 pactum

225 1982 458 2060 Phyllea
492 2001 506 2037 τ
544 1983 1015 2059 sanguineumque
1054 1979 1245 2036 lavant
1289 1982 1601 2035 Acamanta

374 2087 611 2125 sorores,

220 2154 387 2232 Jsunc
414 2153 563 2208 ferro
583 2162 843 2225 retegunt
864 2150 1028 2214 silvas
1044 2191 1061 2220 .,
1091 2149 1359 2226 collisque
1383 2148 1690 2226 propinqui

226 2239 521 2293 Annosum
542 2248 803 2291 truncant
829 2236 1045 2311 apicem
1063 2277 1078 2304 ‚
1105 2234 1203 2310 qui
1225 2234 1474 2290 conscius
1502 2233 1641 2288 actis
1715 2303 1728 2312 ‚

228 2320 456 2389 Nocti5‚
486 2332 544 2374 et
568 2318 808 2393 inspexit
826 2319 1080 2395 gemitus,
1109 2320 1198 2374 Ibi
1225 2317 1488 2393 grandior
1511 2337 1631 2374 aevo

228 2406 378 2459 Ante
396 2423 578 2479 rog05‚
599 2401 729 2458 dum
751 2402 987 2480 quisque
1012 2424 1112 2460 suo
1133 2404 1330 2480 nequit
1354 2405 1480 2478 igne
1499 2402 1727 2473 revelli,

228 2488 541 2545 Concilium
565 2487 864 2545 infaustum
888 2489 1055 2547 dictis
1076 2489 1362 2545 mulcebat
1388 2487 1653 2544 Alethes:

302 2598 332 2628 «
351 2575 507 2651 Saepe
534 2573 763 2650 quidem
782 2575 1006 2646 infelix,
1032 2573 1302 2651 varioque
1328 2574 1573 2630 exercita
1594 2571 1729 2629 ludo

229 2685 256 2715 κ
273 2664 531 2717 Fatorum
549 2680 685 2736 gens
704 2674 886 2718 nostra
908 2661 1054 2731 ruit,
1078 2661 1340 2717 Sidonius
1369 2681 1437 2715 ex
1462 2675 1578 2731 quo

227 2767 256 2798 «
275 2748 486 2819 Hospes
510 2744 569 2799 in
595 2745 807 2800 Aonios
831 2745 968 2818 jecit
1002 2757 1120 2798 sata
1157 2744 1336 2795 ferrea
1370 2740 1588 2792 sulcos:

226 2854 254 2884 «
271 2831 433 2886 Unde
460 2830 596 2886 novi
624 2829 790 2885 foetus
808 2870 824 2897 ‚
855 2842 911 2883 et
939 2824 1239 2883 formidata
1272 2820 1481 2876 colonis

225 2939 254 2968 κ
275 2917 427 2973 Arva
453 2915 582 2972 suis.
611 2913 721 2967 Sed
742 2932 846 2966 nec
871 2906 1083 2967 veteris
1111 2927 1238 2962 cum
1263 2905 1419 2983 regia
1446 2908 1641 2965 Cadmi

223 3027 251 3058 κ
271 3001 629 3059 Fulmineum
643 2999 704 3057 in
719 2999 984 3068 cinerem⁷
1002 2994 1232 3051 monitis
1242 2994 1278 3050 J
1283 2992 1476 3051 unonis
1493 2993 1710 3072 iniquae,
