2079 3613
543 234 652 294 835
775 235 1218 299 TREBAmOS,
1271 238 1411 286 mn.
1461 236 1568 288 lx.
1714 242 1838 303 ²⁷7

345 332 610 410 Increpat
638 334 895 390 assistens
918 353 933 389 ε
969 357 999 386 α
1019 334 1150 389 Non
1171 332 1288 389 haec
1308 330 1411 387 tibi
1429 328 1620 409 praelia

565 419 773 477 Divum

342 523 371 554 α
394 507 502 558 Dat
528 515 723 579 pater:
743 499 1068 558 armiferum
1087 500 1149 556 ni
1172 499 1433 576 protinus
1456 498 1714 574 improba

562 608 826 664 campum

343 695 372 725 κ
393 673 616 730 Deseris
632 713 650 745 ,
675 672 811 729 huic
836 692 1051 749 aequam
1079 688 1279 728 nosces
1301 690 1406 728 nec
1423 670 1655 727 Pallada

555 757 791 816 dextrae.·
813 781 841 810 >²
1370 799 1397 806 ,,
1646 773 1649 780 ·

412 842 565 914 Quid
593 843 768 899 saciat
794 856 987 899 contra
1003 840 1031 897 ⁴?
1055 841 1260 897 Premit
1286 840 1422 896 hinc
1445 838 1718 897 Mavortia

560 929 780 1003 cuspis,
1362 973 1367 978 .

335 1011 486 1066 Hinc
505 1011 686 1085 plenae
707 1012 811 1067 tibi
830 1050 847 1080 ,
875 1029 1052 1087 parve
1070 1050 1088 1078 ‚
1115 1010 1302 1065 colus:
1332 1011 1369 1064 J
1372 1009 1491 1084 ovis
1510 1009 1643 1067 inde
1663 1007 1849 1067 severi

339 1096 549 1156 Vultus
572 1112 588 1149 t
613 1095 729 1150 abit
749 1093 867 1149 solo
897 1104 1026 1170 post
1054 1091 1173 1150 haec
1200 1094 1382 1149 evicta
1410 1095 1645 1169 pudore.

415 1183 482 1235 At
500 1192 660 1254 pater
677 1179 923 1255 Ogygias
943 1179 1171 1233 Mavors
1202 1176 1583 1251 circumspicit
1609 1175 1722 1231 alas
1735 1215 1755 1243 ‚

341 1266 818 1340 Horrendumque
836 1266 1089 1339 Dryanta
1119 1275 1337 1332 movet,
1365 1262 1456 1319 cui
1473 1260 1757 1337 sanguinis
1786 1281 1793 1288 ‘
1844 1295 1851 1306 ‚

546 1362 743 1407 auctor

335 1434 620 1492 Turbidus
637 1435 814 1493 Orion
830 1476 846 1504 ,
876 1434 1221 1510 comitesque
1234 1432 1428 1489 >odisse
1447 1432 1663 1488 Dianoe.

338 1519 482 1577 Inde
515 1522 649 1577 furit
673 1521 920 1597 primum
950 1539 965 1575 z
994 1519 1091 1575 hic
1119 1518 1371 1575 turbatos
1399 1515 1598 1591 arripit
1625 1535 1759 1586 ense

331 1606 575 1661 ,Arcadas
594 1646 614 1675 ,
640 1617 1001 1679 exarmatque
1024 1603 1243 1659 ducem.
1268 1599 1441 1657 Cadit
1464 1600 1683 1677 agmine
1716 1611 1739 1645 '-

560 1688 726 1764 longo

338 1773 614 1851 Cyllenes
633 1774 879 1850 populus
897 1815 915 1843 ‚
950 1777 1279 1850 Tegeesque
1304 1772 1587 1829 habitator
1614 1790 1804 1847 opacoe
1824 1812 1843 1843 ,

333 1859 643 1936 AEpitiique
684 1858 854 1916 duces
884 1860 1141 1934 fugiunt,
1163 1857 1474 1931 Pheneique
1510 1855 1838 1933 phalanges.

287 1968 290 1973 ·
338 1947 542 2022 Ipsum
563 1957 745 2003 autem
766 1985 786 2015 ‚
814 1956 871 2001 et
892 1943 1035 2000 lassa
1065 1944 1186 1999 fidit
1213 1955 1575 2018 prosternere
1610 1944 1845 2013 dextra,

334 2032 462 2089 Nec
487 2042 678 2089 servat
699 2030 843 2088 vires
862 2072 880 2101 ,
910 2029 1123 2086 etenim
1144 2029 1260 2085 huc
1279 2029 1391 2102 jam
1410 2028 1615 2097 sessuS,
1645 2040 1702 2084 et

557 2115 695 2173 illuc
720 2158 737 2188 ,
795 2188 798 2193 .

331 2202 586 2261 Mutabat
612 2215 855 2270 turmas,
878 2212 1082 2278 urgent
1105 2199 1368 2277 praesagia
1391 2200 1542 2256 mille
1570 2227 1575 2232 ·

330 2286 569 2343 Funeris
584 2326 601 2356 ,
632 2299 689 2343 et
707 2286 875 2360 nigrae
900 2282 1237 2361 praecedunt
1257 2283 1455 2341 nubila
1472 2283 1686 2340 mortiS.

329 2375 570 2447 Jamque
598 2372 769 2426 miser
793 2390 947 2426 raros
969 2371 1199 2425 comites
1220 2389 1530 2444 verumque
1552 2369 1782 2426 videbat

331 2459 582 2524 Dorcea,
617 2455 728 2525 jam
754 2454 900 2508 vires
926 2453 1195 2529 paulatim
1220 2452 1525 2509 abscedere
1554 2454 1754 2524 sentit,

332 2542 514 2600 Sentit
536 2551 590 2593 et
607 2537 904 2593 exhaustas
922 2538 1164 2593 humero
1182 2538 1392 2595 leviore
1416 2538 1733 2613 pharetras.

331 2629 369 2685 J
372 2647 460 2682 am
483 2624 666 2681 minus
691 2634 858 2698 atque
881 2621 1064 2677 minus
1086 2623 1196 2676 sert
1217 2636 1368 2676 arma
1383 2662 1397 2691 ,
1427 2641 1682 2697 puerque
1728 2654 1735 2659 ·

554 2707 784 2766 videtur
1506 2732 1521 2737 ¹

334 2796 404 2854 Et
425 2794 560 2863 sibi3
592 2814 720 2850 cum
740 2807 895 2853 torva
924 2792 1112 2871 clypei
1132 2791 1461 2852 metuendus
1483 2794 1691 2853 obarsit

334 2877 483 2939 Liice
510 2880 728 2958 Dryas,
762 2895 970 2938 tremor
996 2901 1093 2937 ora
1125 2897 1334 2956 repens
1358 2920 1374 2951 ,
1416 2898 1479 2934 ac
1510 2879 1729 2955 viscera

558 2966 714 3025 torsit
