2079 3613
141 173 271 256 47⁰
407 183 843 253 srnvntm,
891 184 1037 245 mn.
1086 185 1169 237 11.
1305 184 1377 242 33
1418 150 1427 156 ’

134 269 453 337 Distralior.
471 281 623 359 Hinc
644 281 776 338 anni
799 293 1009 338 stantes
1033 281 1089 338 in
1107 280 1299 338 limine
1322 281 1486 351 vitae3

126 367 289 424 ‘Hinc
309 387 399 423 me
418 369 600 426 forma
617 367 797 446 rapit,
825 367 973 445 rapit
999 366 1132 424 inde
1157 366 1435 423 modestia
1487 404 1494 411 -

321 471 564 527 precox
581 493 598 522 ‚

84 568 103 583 ··
138 534 209 592 Et
234 535 458 613 pudor,
488 551 547 595 et
562 550 760 597 tenero
818 537 1031 595 rebitas
1053 536 1328 593 maturior
1344 556 1487 594 aevo.

136 622 188 676 O
205 620 301 677 ubi
321 640 611 698 purpureo
636 641 702 678 su
812 641 877 679 us
901 622 1173 699 sanguine
1201 621 1415 679 candor
1433 665 1453 693 ‚

112 705 460 783 ,sidereique
487 708 687 776 orbes,
708 709 1038 785 radiataque
1055 707 1264 765 lumina
1284 707 1459 779 coelo,

133 787 204 844 Et
220 792 502 866 castigatae
515 792 749 850 collecta
753 792 1050 888 moffistia
1076 793 1278 850 frontis
1294 832 1316 863 ,

131 875 475 952 Ingenuique
496 897 666 952 super
688 877 910 947 crines,
940 875 1234 953 mollisque
1264 877 1484 932 decorae

131 958 327 1033 Margo
342 958 542 1017 comae'?
558 959 775 1039 blandis
785 960 1021 1020 ubinam
1034 981 1135 1016 ora
1151 973 1346 1037 arguta
1354 956 1636 1044 querelis?

131 1041 450 1119 Osculaque
471 1043 734 1121 impliciti
761 1065 969 1104 vernos
984 1044 1319 1105 redolentia.
1323 1045 1491 1101 flores
1506 1086 1523 1114 ‚

129 1129 205 1184 Et
234 1128 422 1188 mixtae
445 1132 562 1187 risu
585 1130 873 1210 lacrymae,
900 1129 1240 1213 mnitusque
1257 1127 1541 1205 loquentis

128 1210 374 1290 Hyblaeis
400 1235 513 1275 vox
541 1215 718 1273 tincta
735 1214 912 1274 stvis?
939 1217 1030 1273 cui
1054 1214 1211 1299 sibila
1237 1232 1478 1290 serpens

128 1290 419 1371 Poneret,
440 1314 495 1358 et
522 1320 681 1359 saevae
706 1300 909 1359 vellent
937 1302 1150 1358 servire
1175 1319 1459 1358 novercae.

127 1383 225 1442 Nil
251 1385 396 1444 veris
421 1388 621 1460 affingo
647 1386 827 1443 bonis.
856 1384 987 1461 Ubi
997 1386 1175 1443 lactea
1197 1384 1383 1456 colla,

112 1464 510 1546 ‘Brachiaquffi
539 1484 595 1528 et
619 1490 906 1545 nunquam
925 1465 1139 1527 domini
1156 1470 1274 1529 sine
1301 1469 1557 1548 pondere

346 1555 583 1614 cervix.
565 1551 592 1594 7
1171 1600 1174 1603 ,

125 1642 178 1698 O
204 1639 299 1696 ubi
324 1653 575 1698 venturae
600 1660 728 1718 spes
754 1660 869 1697 non
884 1639 1488 1717 longinquaffuventae,

124 1727 316 1800 Atque
337 1725 492 1800 genis
518 1739 747 1803 optatus
761 1725 942 1783 honos
957 1768 974 1797 ‚
1002 1727 1296 1801 jurataque
1315 1726 1554 1782 multum

122 1810 302 1867 Barba
319 1811 465 1871 tibi?
486 1825 692 1869 cuncta
717 1811 779 1867 in
802 1811 1021 1869 cineres
1042 1811 1228 1888 gravis
1246 1809 1438 1869 intulit
1458 1810 1623 1883 hora,
1650 1859 1658 1868 .

123 1895 467 1973 Hostilisque
491 1898 615 1955 dies
643 1920 657 1957 ε
686 1897 851 1953 nobis
879 1896 1197 1966 meminisse
1219 1895 1495 1953 relictum.

197 1983 337 2055 Quis
359 1994 456 2041 tua
483 1983 782 2060 colloquiis
807 1982 998 2039 hilaris
1022 1981 1297 2039 mulcebit
1319 1981 1518 2041 amatis

121 2066 393 2124 Pectora.
376 2066 404 2107 Ῥ
422 2068 562 2166 quis·
562 2087 722 2125 curas
732 2067 1078 2144 ,mentisque
1099 2087 1299 2124 arcana
1329 2062 1626 2124 remittet?

121 2153 441 2210 Accensum
467 2154 595 2230 quis
613 2153 729 2209 hile
755 2154 915 2223 fera,
946 2153 1282 2242 famulisque
1311 2163 1625 2210 tumentem

119 2238 322 2296 Leniet
336 2236 744 2312 ,ardentique
728 2256 787 2292 in
806 2255 867 2293 se
888 2194 1146 2294 deflebtet
1169 2237 1284 2294 ab
1269 2257 1385 2294 ira.
1367 2236 1395 2276 ‘¹’

120 2324 381 2398 Inceptas
407 2320 531 2400 quis
556 2321 628 2377 ab
654 2340 750 2378 ore
775 2295 1299 2410 ‹lapella-libataque
1326 2320 1457 2379 vina

120 2407 392 2476 Auferet·²
418 2420 473 2463 et
497 2406 647 2464 dulei
674 2406 925 2468 turbabit
941 2419 1142 2471 cuncta
1166 2405 1407 2482 rapina.
1389 2405 1417 2446 Ῥ

119 2491 258 2564 Quis
281 2493 586 2549 matutinos
612 2493 910 2570 abrumpet
934 2511 1219 2548 murmure
1248 2509 1480 2548 somnos

118 2577 425 2655 Impositos
442 2578 630 2662 stratis
644 2586 669 2633 ’ἐ
693 2578 983 2653 abitusque
1004 2576 1315 2634 morabitur
1340 2575 1511 2635 arctis

117 2662 172 2719 Ν
177 2664 408 2719 eribus?
433 2676 606 2742 atque
629 2663 755 2741 ipso
782 2663 1075 2722 revocabit
1100 2661 1172 2721 ad
1193 2661 1386 2720 oscula
1407 2673 1608 2738 poste
1590 2661 1619 2703 Ῥ

116 2748 331 2812 Obvius
352 2751 582 2808 intranti
607 2771 830 2808 rursum
853 2750 981 2827 quis
1006 2750 1065 2806 in
1081 2769 1182 2806 ora
1154 2789 1221 2848 ‚
1248 2768 1557 2826 manusque

115 2834 404 2906 Fresilia,
429 2835 801 2912 brevibusque
823 2834 1092 2918 humtrog
1117 2853 1197 2892 cu
1154 2819 1488 2893 *cumdabit

330 2920 521 2979 ulnis.
503 2918 532 2959 Ῥ
