2079 3613
263 315 399 388 546
505 316 1175 386 “‘Tmznflnossma
1229 316 1335 371 tx.
1460 315 1542 380 '63

273 449 303 479 κ
320 427 413 480 Ira
437 423 649 480 brevis!
677 423 808 479 Non
834 437 924 476 me
941 440 1073 480 ense
1099 431 1196 475 tuo
1226 419 1657 488 tunc5maxim‘e

484 508 719 584 Tydeu,

281 621 311 651 κ
340 592 441 675 (Et
466 593 737 674 poteras)
765 595 944 650 nostri
970 593 1225 649 mactasti
1250 590 1311 646 in
1336 591 1534 649 limine

472 676 748 737 Adrasti?

256 793 299 819 ..ι
318 765 468 842 Quin
496 765 663 821 etiam
689 763 915 821 Thebas
937 782 1027 819 me
1052 775 1321 880 propter,
1351 776 1409 821 et
1432 762 1605 839 impia

474 849 663 907 fratris

268 960 298 990 «
316 940 494 991 Tecta
519 935 726 1004 libens,
755 932 903 989 unde
926 930 1082 988 haud
1105 928 1242 988 alius
1262 940 1595 999 remeasset,

483 1019 642 1075 adisti
662 1061 677 1088 ‚

270 1129 299 1160 α
321 1105 443 1161 Ceu
465 1103 685 1160 tibimet
710 1115 932 1180 sceptra
952 1143 970 1173 ,
999 1113 1056 1157 et
1079 1101 1345 1178 proprios
1368 1100 1583 1158 laturus

484 1189 750 1245 honores.

270 1304 296 1331 κ
314 1281 350 1335 J
353 1298 439 1333 am
460 1279 765 1334 Telamona
784 1274 937 1351 pium
955 1316 972 1341 ,
990 1274 1102 1347 iam
1118 1274 1339 1329 Thesea
1362 1274 1504 1330 fama
1521 1275 1763 1332 tacebat.

269 1388 295 1416 α
318 1360 509 1435 Qualis
535 1373 590 1416 et
616 1379 750 1416 ecce
770 1361 954 1435 jaces!
982 1377 1106 1433 quae
1130 1359 1378 1434 primum
1401 1360 1634 1416 vulnera

478 1443 675 1499 mirer!

266 1555 296 1584 α
318 1530 455 1604 Quis
479 1542 605 1586 tuus
629 1528 722 1585 hic
738 1571 754 1599 .,
784 1528 906 1605 quis
930 1528 1003 1584 ab
1026 1528 1189 1586 hoste
1217 1527 1436 1585 cruor?
1463 1549 1583 1604 quae
1608 1541 1664 1586 te

485 1617 699 1692 agmina
717 1659 731 1685 ,
759 1617 932 1692 quive

264 1725 299 1754 ιε
317 1702 604 1757 Innumeri
632 1714 875 1756 stravere
904 1700 1053 1775 globi
1072 1697 1098 1756 ’.Ρ
1121 1700 1179 1754 ni
1206 1699 1367 1756 fallor
1390 1711 1448 1755 et
1471 1699 1593 1774 ipse

264 1811 297 1841 α
318 1786 530 1844 Invidit
557 1799 723 1864 pater
740 1831 754 1856 ‚
784 1798 842 1841 et
869 1797 983 1842 tota
1010 1789 1166 1840 Mars
1193 1784 1412 1862 impulit
1438 1784 1661 1841 hasta.»

332 1872 424 1931 Sic
450 1874 526 1928 ait
547 1915 563 1943 .‚
595 1886 648 1928 et
673 1893 909 1929 moerens
933 1872 1237 1929 etiamnum
1262 1870 1480 1928 lubrica
1502 1868 1633 1927 tabo

259 1960 372 2016 Ora
397 1957 694 2031 viritergit
718 1957 1014 2033 lacrymis,
1047 1959 1418 2032 dextramque
1437 1955 1683 2031 reponit.

340 2068 369 2097 α
389 2046 550 2102 Tune
580 2062 733 2098 meos
750 2042 943 2098 hostes
959 2040 1075 2096 huc
1090 2061 1268 2117 usque
1289 2043 1522 2102 exosus?
1544 2054 1599 2097 et
1620 2040 1762 2096 ultra

263 2153 294 2182 «
315 2129 516 2202 Sospes
542 2147 647 2203 ego
662 2126 689 2184 ’,Ρ
705 2148 734 2178 »
758 2131 1006 2182 Exuerat
1029 2128 1232 2203 vagina
1254 2127 1515 2186 turbidus
1535 2146 1720 2183 ensem
1741 2168 1757 2196 ,

262 2210 629 2286 Aptabatque
655 2210 778 2266 neci
809 2228 823 2265 ε
856 2211 1089 2267 comites
1112 2224 1346 2267 tenuere
1369 2252 1385 2280 ‚
1414 2209 1690 2286 sOcerque

261 2296 510 2370 Castigat
528 2336 544 2363 ‚
570 2294 811 2370 bellique
834 2295 986 2351 vices
1014 2316 1079 2352 ac
1107 2296 1218 2353 fata
1246 2296 1531 2356 revolvens
1559 2338 1576 2365 ‚
1654 2323 1659 2328 ⁴

259 2379 481 2438 Solatur
506 2378 779 2437 tumidum
798 2422 813 2451 ‚
842 2380 1110 2460 longeque
1139 2404 1167 2438 a
1198 2402 1440 2459 corpore
1465 2399 1598 2436 caro

257 2463 557 2535 Paulatim,
586 2465 735 2521 unde
756 2466 945 2537 dolor,
974 2468 1182 2546 letique
1203 2470 1452 2524 animosa
1474 2466 1756 2534 voluntaS,

261 2552 534 2622 Amovet‚
563 2566 619 2609 et
631 2554 809 2614 tacite
836 2557 1044 2613 ferrum
1069 2556 1220 2611 inter
1247 2556 1419 2612 verba
1442 2553 1688 2630 reponit.

258 2640 523 2710 Ducitur,
553 2639 750 2697 amisso
775 2640 953 2717 qualis
980 2662 1179 2698 consoi
1186 2655 1236 2695 te
1261 2640 1540 2703 labortun‚

259 2724 508 2781 Deserit
498 2738 787 2801 inceptum
806 2726 988 2782 media
1017 2727 1164 2780 inter
1184 2727 1376 2799 jugera
1402 2722 1620 2775 sulcum

260 2801 519 2866 Taurus
504 2830 689 2880 mer‚s
719 2810 1018 2883 colloque
1005 2828 1197 2882 jugum
1223 2805 1386 2861 deson
1391 2824 1477 2859 me
1505 2806 1735 2864 remisso

258 2894 421 2949 Parte
448 2895 649 2966 trahit,
678 2908 900 2971 partem
920 2894 1231 2965 lamymans
1257 2883 1527 2946 sustentat
1550 2904 1754 2947 aiaton

332 2980 479 3033 Ecce
505 2989 597 3034 aut
651 2978 965 3033 n'hortatus
985 2973 1253 3045 ΕῑεοεΙίε,
1282 2987 1338 3029 et
1364 2994 1515 3030 arma
1542 2975 1721 3031 secuti
1738 3016 1754 3043 ‚

259 3062 432 3120 Lecta
457 3081 649 3115 manus
666 3101 681 3130 ‚
708 3064 937 3116 ‘uvenes
949 3102 968 3128 ,
996 3079 1136 3134 quos
1162 3081 1267 3117 nec
1294 3059 1548 3117 Tritonia
1573 3058 1753 3127 belle,
