2079 3613
440 253 578 350 '43⁰
712 263 1358 337 mnesarnossme.
1411 275 1578 324 vm.
1696 282 1823 343 υς

334 375 646 432 Euboicum
666 374 823 433 duris
847 386 1120 448 rumpunt
1134 369 1473 429 umbonibus
1497 389 1698 445 agmen
1720 367 1741 446 )

330 461 621 538 Reppulit,
648 454 849 535 erepto
874 458 1038 515 cunei
1065 457 1300 514 ductore
1326 454 1605 514 Menalca.
1704 492 1723 521 2

326 545 435 601 Hic
459 560 513 604 et
536 555 725 603 mente
753 546 969 610 Lacon,
991 542 1153 601 crudi
1179 542 1444 599 torrentis
1469 539 1723 597 alumnus

332 625 356 706 (
382 631 504 686 Nec
530 627 959 707 turpavitavos)
980 629 1201 685 hastam
1223 629 1368 683 intra
1391 639 1595 702 pectus
1607 638 1830 682 euntem

330 715 352 794 (
379 716 668 792 Nepudor
691 716 753 773 in
772 715 964 793 tergo)
992 735 1096 790 per
1123 727 1180 771 et
1204 735 1327 770 ossa
1351 726 1408 770 et
1433 713 1651 770 viscera
1677 724 1830 771 retro
1874 714 1891 724 ’

324 803 585 862 Extrahit
600 845 618 873 ,
648 816 817 878 atque
839 802 1002 883 hostib
1017 801 1216 859 dextra
1238 800 1461 859 labente
1487 799 1723 856 remittit

325 887 720 963 Sanguineam.
750 886 971 942 Dilecta
998 886 1154 960 genis
1178 885 1465 943 morientis
1492 886 1771 943 oberrant*

309 971 583 1044 *Taygeta
597 1011 614 1039 .,
646 983 706 1026 et
728 987 929 1044 pugnae
948 1009 966 1037 ,
991 969 1328 1043 laudataque
1349 969 1581 1025 verbera
1606 966 1789 1025 matri.

323 1048 652 1109 Phaedimon
677 1050 907 1106 Iasiden
931 1071 1067 1108 arcu
1090 1050 1340 1121 Dircaeus
1356 1052 1637 1126 Amyntas

324 1135 606 1205 Destinat.
623 1138 756 1192 Heu
766 1135 983 1192 celeres
997 1138 1183 1193 Parcoe
1202 1139 1215 1189 !
1230 1135 1347 1208 jam
1360 1132 1758 1210 palpitatarvis

321 1218 661 1288 Phaedimus,
684 1231 743 1277 et
764 1220 900 1275 certi
919 1222 1170 1281 nondum
1197 1230 1347 1276 tacet
1373 1236 1534 1277 arcus
1557 1219 1825 1295 Amyntai.

325 1302 575 1362 Abstulit
600 1323 666 1360 ex
694 1303 931 1360 humero
956 1303 1214 1365 dextram
1238 1300 1585 1380 Calydonius
1611 1303 1830 1379 Agreus

320 1389 573 1466 Phegeos
600 1372 735 1447 :fila
761 1411 924 1448 suum
945 1404 1094 1449 terra
1112 1404 1265 1449 tenet
1284 1389 1542 1466 improba
1568 1389 1779 1449 ferrum
1809 1429 1826 1457 ‚

233 1482 237 1489 ”
321 1479 394 1534 Et
413 1492 621 1536 movet.
661 1478 933 1537 Extimuit
956 1497 1144 1554 sparsa
1170 1479 1318 1534 inter
1341 1476 1454 1534 tela
1477 1478 1754 1553 jacentem
1771 1516 1788 1544 ‚

323 1561 730 1638 Progrediens‚
759 1575 1123 1638 truncamque
1151 1574 1344 1621 tamen
1367 1560 1645 1640 percussit

545 1650 764 1705 Aeetes.

326 1731 500 1808 Iphin
524 1744 683 1795 atrox
708 1731 969 1805 Athamas
992 1775 1012 1803 ,
1033 1732 1417 1810 Argumferus
1434 1728 1660 1808 impulit

546 1818 816 1891 Hypseus
844 1834 859 1868 ι
1106 1876 1110 1880 .

320 1901 531 1959 Stravit
554 1899 770 1956 Abanta
795 1898 999 1957 Pheres
1019 1918 1036 1969 ;
1061 1900 1392 1975 diversaque
1414 1896 1649 1972 vulnera

425 2039 430 2052 ,
545 1987 746 2044 flentes
777 2004 791 2041 :
1596 2005 1625 2059 j

318 2075 534 2132 Guttur
559 2072 721 2150 Iphis
740 2113 757 2142 ‚
773 2071 918 2128 latus
931 2073 1145 2147 Argus,
1168 2068 1312 2126 Abas
1336 2068 1395 2125 in
1415 2061 1623 2125 fronte‘

259 2193 262 2194 ν
541 2177 833 2229 cruorem;
1473 2151 1493 2171 ‘

317 2244 478 2321 Iphis
497 2265 669 2321 eques
683 2287 700 2320 .‚
725 2244 900 2321 pedes
918 2245 1103 2320 Argus
1119 2284 1136 2313 ‚
1158 2242 1303 2301 Abas
1323 2242 1511 2319 auriga
1534 2241 1811 2318 jacebant.

317 2328 600 2386 Inachidae
614 2328 817 2404 gemini
840 2370 855 2397 ‚
878 2328 1129 2403 geminos
1151 2346 1218 2382 ex
1239 2326 1507 2401 sanguine
1528 2326 1730 2384 Cadmi

316 2410 589 2467 Occultos
607 2412 779 2483 galeis
803 2411 823 2487 (
848 2429 986 2467 saeva
1011 2410 1325 2485 ignorantia
1341 2409 1510 2466 belli!
1540 2411 1566 2485 )

317 2494 679 2550 Perculerant
699 2496 846 2549 ferro
865 2519 881 2558 ς
911 2493 1010 2549 sed
1036 2493 1170 2548 dum
1191 2493 1367 2572 spolia
1387 2489 1570 2551 omnia
1597 2495 1748 2551 caesis

318 2577 584 2656 Eripiunt
602 2618 618 2647 ‚
645 2577 839 2635 videre
857 2579 1011 2638 nefas
1027 2618 1044 2644 ‚
1069 2590 1124 2631 et
1147 2590 1370 2633 moestus
1386 2590 1626 2654 uterque

313 2650 571 2740 Respicit
590 2661 663 2719 ad
687 2663 951 2732 fratrem,
971 2660 1297 2739 pariterque
1320 2679 1534 2718 errasse

525 2762 862 2825 queruntur.

315 2833 511 2890 Cultor
536 2836 640 2890 Ion
656 2835 792 2892 Pisae
810 2877 826 2905 ‚
854 2833 1119 2891 cultorem
1137 2831 1409 2909 Daphnea
1431 2832 1665 2909 Cyrrhae
1758 2884 1764 2890 .

322 2918 586 2974 Turbatis
605 2922 915 2996 prostravit
941 2920 1120 2997 equis,
1136 2922 1303 2977 Hunc
1317 2915 1510 2975 laudat
1523 2918 1594 2975 ab
1608 2919 1720 2978 alto

318 3004 358 3063 J
360 3003 586 3078 uppiter
607 3024 622 3063 ε
648 3005 798 3064 hunc
823 3006 1017 3066 tardus
1041 3006 1246 3080 frustra
1261 3003 1558 3065 miseratur
1579 3006 1807 3084 Apollo.
