2079 3613
132 784 165 832 Ι

257 362 266 379 ³
337 314 462 354 220
618 302 1054 364 THEBA1D03.‚
1109 305 1253 352 ΜΒ.
1306 304 1475 356 VIII.
1580 322 1687 385 ¹97·

335 425 362 454 «
383 401 492 457 Hic
518 398 788 455 Tenedon
806 439 821 468 ,
852 398 1248 476 cyrrhamque
1272 400 1424 469 dies,
1450 394 1735 479 partuque

545 485 768 560 ligatam
1550 510 1557 516 ’

327 595 355 625 «
375 569 588 640 Delon,
613 582 673 626 et
696 569 908 626 intonsi
930 569 1126 627 cludet
1148 568 1460 646 penetralia
1480 574 1751 637 Branchi.

325 680 354 743 ‘.‘
372 660 488 712 Nec
514 653 667 711 Clai
652 674 732 711 ias
753 654 861 710 hac
884 654 1009 711 luce
1034 655 1219 726 fora,
1248 655 1657 734 Didymaeque

527 738 821 814 quisquam

323 850 352 879 ι(
371 823 623 892 Limina,
646 843 752 880 nec
761 823 998 900 Lycum·
1007 824 1249 900 supplex
1269 825 1555 883 consultor
1579 828 1785 883 adibit..

318 934 347 964 κ
369 910 520 984 Quin
546 921 600 966 et
618 910 888 985 cornigeri
908 908 1051 967 vatis
1064 930 1261 968 nemus
1276 951 1293 980 ,
1324 923 1495 987 atque
1513 914 1743 971 Molossi

321 1017 351 1046 α
369 997 624 1066 Quercus
644 992 1022 1054 'anhelaJovis
1035 1037 1053 1066 .‚
1077 998 1442 1075 Troianaque
1456 997 1751 1074 Thymbra

531 1079 756 1135 tacebit.

319 1190 347 1220 α
366 1166 484 1242 Ipsi
510 1185 697 1221 amnes
714 1206 731 1236 ,
759 1166 1012 1243 ipsaeque
1032 1165 1233 1223 volent
1249 1186 1501 1225 arescere
1524 1168 1733 1227 laurus-

317 1283 345 1311 κ
367 1260 498 1335 Ipse
523 1255 667 1311 nihil
686 1268 900 1312 certum
917 1256 1060 1332 sagis
1076 1256 1432 1333 clangoribus
1457 1258 1629 1314 aether

317 1367 345 1395 «
367 1340 630 1401 Praecinet
648 1382 675 1411 ,⁴
693 1354 750 1396 et
774 1342 925 1398 nulla
950 1342 1222 1400 ferientur
1245 1342 1316 1397 ab
1340 1342 1471 1401 alite
1496 1342 1701 1399 nubes,

316 1451 344 1480 α
366 1429 602 1502 Jamque
620 1426 726 1484 erit.
744 1426 835 1485 ine
861 1427 1013 1500 dies,
1045 1447 1163 1504 quo-
1185 1440 1241 1484 te
1260 1426 1485 1504 quoque
1508 1430 1733 1486 conscia-

531 1512 636 1570 sati

314 1624 342 1654 α
363 1600 597 1676 Templa
625 1601 846 1669 colant,
872 1597 1186 1685 reddatque
1216 1611 1344 1657 tuns
1368 1619 1634 1674 responsa

527 1684 808 1740 sacerdos
829 1706 858 1736 »ι

383 1767 544 1834 Talia
560 1767 793 1840 fatidico
812 1779 1091 1845 peragunt
1104 1767 1379 1825 solemnia
1407 1770 1561 1848 regi:

306 1856 428 1911 Ceu
454 1854 731 1922 flammaS,
758 1875 822 1910 ac
849 1854 997 1911 dona
1019 1874 1196 1931 rog0,
1192 1854 1525 1956 tristesque

523 1942 841 2018 rependant

302 2025 644 2101 ExsequiaS,
672 2025 936 2099 mollique
966 2024 1206 2079 animam
1226 2022 1427 2080 tellure
1455 2036 1758 2100 reponant.

298 2115 493 2166 Fracta
520 2110 727 2166 dehinc
751 2108 969 2165 cunctis
990 2152 1012 2175 ‚.
1035 2127 1342 2187 aversaque
1361 2123 1597 2185 pectora
1623 2107 1799 2165 bellor

298 2196 392 2250 Sic
417 2196 590 2251 sortes
614 2195 836 2272 Mynias
863 2194 1045 2250 subito
1065 2213 1190 2249 cum
1214 2197 1405 2252 funere
1425 2195 1645 2274 Tiphys

296 2281 568 2335 Destituit
585 2321 602 2348 .,
624 2300 737 2335 non
765 2300 914 2336 arma
939 2280 1124 2355 sequi,
1148 2301 1259 2336 non
1280 2280 1426 2339 ferre
1446 2282 1671 2338 videtur

297 2366 507 2421 Remus
535 2386 742 2441 aquas,
772 2364 991 2444 ipsique
1012 2366 1319 2442 minusjam
1347 2365 1553 2421 ducere
1582 2365 1754 2420 venti.

365 2452 401 2507 J
405 2470 493 2505 am
512 2450 669 2507 sessis
686 2451 895 2525 gemitu
904 2452 1174 2529 paulatim
1193 2452 1362 2509 corda
1381 2450 1607 2506 levabat

219 2546 225 2551 “
291 2535 604 2592 Exhaustus
626 2556 877 2593 sexmone
889 2536 1094 2608 dolor,
1122 2558 1346 2615 noxque
1372 2536 1563 2593 addita
1590 2527 1765 2589 curas·

288 2623 405 2677 Obi
409 2622 523 2692 uit,
556 2634 612 2679 et
631 2622 808 2680 facilis
832 2622 1131 2720 lacrymis'
1113 2641 1366 2695 irrepere
1387 2609 1634 2675 somnus,

289 2711 365 2764 At
388 2728 504 2763 non
526 2707 808 2764 Sidoniam
833 2708 1097 2765 dlversa
1082 2726 1139 2759 m
1168 2716 1330 2777 parte
1356 2721 1463 2776 per
1485 2699 1685 2756 urbem

286 2793 413 2846 Nox
432 2791 648 2849 eadem.
669 2794 848 2853 Vario
874 2791 1197 2867 producunt
1227 2785 1407 2840 sidera
1433 2783 1566 2841 ludo

288 2879 433 2932 Ante
455 2877 680 2947 domos,
666 2878 1002 2978 ‚inQaqum
1034 2872 1282 2947 ipsaeque
1311 2871 1384 2926 ad
1409 2871 1611 2927 moenia

509 2971 763 3018 marcent

286 3045 566 3104 Excubiae
586 3047 820 3106 Gemina
845 3064 954 3103 aera
976 3052 1208 3114 sonant,
1243 3041 1507 3119 Kdaeaqne
1534 3054 1688 3115 terga
1708 3082 1735 3110 r
