2079 3613
455 298 606 376 275.
685 288 1132 351 THEBAmos,
1184 288 1322 332 ΠΒ.
1378 283 1541 329 vm.
1648 266 1808 326 '223

402 391 714 452 Concilium
740 409 842 445 rex
867 384 1210 441 triste·vocat
1238 397 1252 432 ι
1279 386 1644 452 quaeruntque

544 485 831 554 gementes
1678 448 1687 453 ⁶

319 565 457 638 Quis
481 559 731 640 tripodas
761 573 1058 614 successor
1076 562 1202 628 agat
1218 548 1244 606 ’.Ρ
1258 566 1372 624 quo
1394 542 1619 621 prodita
1630 539 1824 595 laurus

322 653 587 706 Transeat
615 659 787 720 atque
807 642 1003 697 orbum
1025 640 1181 696 vittae
1196 636 1368 691 decus
1391 631 1417 689 ἐ’
1443 626 1593 684 haud
1607 645 1758 681 mora
1776 664 1791 691 .,

495 729 502 732 ’
543 730 737 791 cuncti

318 823 604 895 Insignem
621 819 804 882 sama,
835 822 1140 884 sanctoque
1170 799 1533 878 Melampode
1553 808 1769 854 cretum

318 905 738 962 Thiodamanta
751 895 986 962 volunt3
1015 893 1249 967 quicum
1270 889 1390 963 ipse
1420 903 1620 940 arcana

530 989 781 1041 Deorum
1160 1031 1173 1042 ο

320 1069 520 1126 Partiri
543 1109 560 1136 ,
592 1079 649 1120 et
674 1063 821 1119 visas
848 1060 944 1113 uni
972 1059 1189 1112 sociare
1217 1052 1431 1109 solebat

327 1153 693 1229 Amphiaraus
719 1162 880 1213 aveS,
911 1155 1190 1216 tantaeque
1228 1134 1383 1192 haud
1408 1130 1633 1191 invidus
1658 1133 1787 1188 aitis

328 1234 630 1306 Gaudebat
649 1230 762 1289 dici
789 1229 1017 1285 similem
1034 1270 1049 1295 ,
1070 1228 1337 1300 juxtaque
1361 1217 1690 1276 secundum.

326 1316 491 1382 Illum?
519 1319 717 1396 ingens
732 1313 1030 1374 confundit
1046 1312 1229 1367 honos
1244 1350 1260 1379 ‚
1282 1305 1616 1383 inopinaque
1641 1300 1827 1358 turbat

328 1406 520 1464 Gloria
542 1446 560 1475 ‚
587 1417 639 1460 et
660 1400 874 1458 oblatas
894 1399 1122 1456 frondes
1143 1393 1443 1451 submissus
1466 1388 1658 1444 adorat
1674 1428 1691 1454 .‚

326 1495 501 1566 Seque
529 1488 684 1546 oneri
706 1498 874 1562 negat
898 1504 1015 1541 esse
1034 1500 1230 1558 parem
1248 1520 1264 1549 ‚
1297 1477 1534 1554 cogique
1555 1484 1822 1528 meretur.

398 1577 552 1635 Sicut
566 1571 953 1631 Achaemenius
968 1567 1169 1623 solium
1189 1576 1500 1640 gentesque
1524 1571 1791 1634 paternas

326 1658 564 1734 Excepit
583 1657 626 1712 si
643 1657 787 1712 forte
801 1670 946 1729 puer
966 1692 982 1722 ,
1010 1649 1102 1706 cui
1122 1648 1319 1704 vivere
1343 1644 1570 1720 patrem

326 1745 559 1811 Tutius⁷
590 1742 810 1795 incerta
835 1735 1135 1794 formidine
1163 1731 1366 1810 gaudia
1393 1729 1559 1783 librat
1586 1768 1603 1794 .‚

334 1838 427 1884 An
450 1825 551 1881 fidi
571 1840 828 1899 proceres
844 1860 861 1887 .,
888 1839 958 1873 ne
984 1829 1204 1892 pugnet
1224 1815 1427 1886 vulgus
1443 1810 1680 1865 habenis
1705 1832 1721 1873 ;

336 1912 442 1969 Cui
464 1912 606 1965 latus
628 1902 963 1981 Euphratae,
988 1900 1078 1955 cui
1098 1897 1302 1971 Caspia
1323 1893 1515 1947 limina
1541 1890 1789 1958 mandem
1832 1923 1839 1930 -

253 1992 256 1995 Α
336 2000 567 2055 Sumere
593 2004 743 2067 nunc
769 2007 927 2043 arcus
949 2027 964 2055 ,
994 1984 1294 2060 ipsumque
1323 1996 1557 2034 onerare
1583 1987 1808 2032 veretur

336 2082 512 2138 Patris
526 2097 764 2155 equum,
785 2075 1047 2148 visusque
1076 2068 1182 2125 sibi
1200 2088 1304 2123 nec
1323 2076 1542 2140 sceptra
1565 2059 1759 2136 capaci

336 2163 653 2224 Sustentare
681 2182 849 2231 manu
867 2204 881 2231 ‚
905 2179 1008 2216 nec
1031 2154 1217 2212 adhuc
1240 2151 1470 2229 implere
1499 2150 1719 2204 tiaram.

408 2256 593 2326 Atque
620 2250 666 2305 is
693 2248 788 2305 ubi
810 2250 1020 2304 intorto
1048 2243 1296 2316 signatur
1321 2235 1526 2293 vellere
1555 2232 1769 2289 crinem
1787 2270 1803 2299 ‚

340 2338 737 2414 Convenitque
763 2332 894 2389 Deis
916 2372 932 2401 ‚
960 2328 1127 2385 hilari
1152 2345 1256 2401 per
1283 2336 1465 2380 castra
1482 2320 1723 2377 tumultu

338 2422 514 2482 Vadit
534 2440 705 2475 ovans
729 2439 741 2473 :
768 2436 829 2471 ac
845 2455 862 2485 ‚
880 2415 1066 2490 prima
1082 2413 1166 2468 sui
1188 2411 1517 2466 documenta
1530 2448 1548 2472 ,
1573 2403 1835 2460 sacerdos

342 2504 626 2559 Tellurem
651 2502 873 2575 placare
903 2509 1083 2573 parat.
1114 2495 1236 2551 Nee
1260 2493 1418 2550 futile
1443 2487 1650 2545 moestis

341 2591 400 2644 Id
420 2586 598 2643 visum
622 2581 844 2637 Danais.
868 2581 1138 2634 Geminas
1164 2571 1484 2651 ergo·‘ilicet
1511 2591 1635 2625 aras

343 2671 643 2732 Arboribus
661 2668 802 2726 vivis
822 2708 834 2733 ‚
856 2676 913 2720 et
933 2661 1123 2716 adulto
1141 2653 1350 2733 cespite
1372 2654 1490 2712 tesi

346 2766 613 2835 Imperat,
635 2754 1069 2822 innumerosque
1094 2747 1242 2813 Deae,
1271 2762 1367 2799 sua
1385 2758 1640 2806 munera,
1659 2738 1834 2813 flores,

344 2851 414 2902 Et
436 2842 680 2900 cumulos
701 2842 919 2915 frugum
942 2875 958 2904 ‚
989 2845 1044 2888 et
1069 2827 1350 2907 quidquid
1371 2838 1542 2882 novat
1570 2825 1781 2899 integer
1882 2849 1905 2876 ι

567 2946 762 2984 annus¹

350 3015 524 3073 Addit
547 3056 561 3084 ‚
595 3027 650 3070 et
676 3014 889 3069 intacto
908 3024 1180 3085 spargens
1205 3000 1397 3060 altaria
1424 2997 1567 3064 lacte

1848 2580 1880 2591 Q
