2079 3613
272 343 395 384 ηρ
602 325 1043 388 Tura-annos,
1095 326 1238 374 mn.
1292 327 1369 376 v,
1475 328 1582 400 ¹96

271 453 301 484 α
321 429 414 486 Fit
447 425 680 493 modus,
711 437 766 480 et
792 424 984 499 primae
1022 421 1356 480 decrescunt
1389 440 1675 480 murmura

484 510 665 566 noctis
683 551 697 577 ‚

271 622 300 653 α
321 598 459 655 Cum
485 593 885 671 consanguinei
911 584 1117 672 mix‘tus
1141 591 1371 667 caligine
1395 590 1530 662 leti,

169 719 173 724 ·
267 708 298 737 α
315 685 464 740 Rore
488 680 723 737 madens
743 680 939 757 Stygio
955 720 971 751 ,
1001 679 1331 736 morituram
1357 676 1722 754 amplectitur

487 764 688 824 urbem

268 876 298 908 α
319 854 583 920 Somnus,
609 863 664 906 et
683 846 983 924 implacido
1002 848 1193 908 fundit
1205 850 1397 925 gravia
1415 846 1527 904 otia
1547 866 1733 904 cornu
1749 887 1768 918 ‚

270 962 302 992 c<
321 936 686 1012 secernitque
705 937 869 993 viros.
881 935 1136 1011 Vigilant
1149 950 1471 1012 nuptaeque,
1486 952 1772 1008 nurusque

271 1045 304 1076 α
322 1023 396 1077 In
410 1020 604 1090 scelus,
624 1033 789 1095 atque
804 1018 1012 1077 hilares
1029 1034 1241 1077 acuunt
1261 1021 1382 1076 sera
1405 1016 1515 1074 tela
1531 1036 1772 1076 sorores,

272 1130 305 1161 α
325 1107 588 1172 Invasere
613 1106 769 1161 nefas
790 1124 805 1157 :-
834 1117 1037 1161 cuncto
1064 1125 1163 1162 sua
1188 1115 1389 1181 regnat
1407 1102 1656 1180 Erinnys

273 1214 306 1245 α
324 1193 579 1250 Pectore.
593 1196 723 1247 Non
737 1189 897 1246 aliter
911 1189 1210 1265 Scythicos
1227 1200 1479 1245 armenta
1497 1208 1604 1264 per
1621 1206 1780 1262 agros

274 1300 305 1329 α
325 1276 606 1352 Hyrcanae
629 1273 882 1332 clausere
909 1276 1067 1344 Leae,
1097 1293 1236 1351 quas
1261 1272 1433 1347 exigit
1458 1286 1585 1330 ortu

272 1357 504 1416 «Prima
529 1360 733 1429 fama,
763 1356 1029 1433 avidique
1057 1357 1359 1438 implorant
1386 1356 1559 1412 ubera
1584 1356 1719 1412 nati.

346 1468 380 1498 α
399 1449 556 1523 Quos
581 1442 686 1504 tihi
713 1452 879 1516 (nam
901 1440 1135 1524 dubito)
1160 1446 1433 1501 scelerum
1459 1440 1528 1497 de
1556 1439 1703 1506 mille

496 1526 690 1603 figuris

273 1638 306 1670 α
325 1611 643 1692 Expediam
664 1610 1166 1672 casus?<Helimun1
1191 1612 1486 1669 temeraria
1511 1616 1702 1688 Gorge

280 1722 310 1751 ι(
329 1697 631 1753 Evinctum
655 1696 820 1752 ramis
836 1740 856 1766 ,
887 1696 1109 1773 altaque
1135 1698 1193 1753 in
1218 1697 1363 1754 mole
1390 1710 1647 1779 tapetum

283 1808 314 1838 α
335 1784 624 1840 Effiantem
642 1802 833 1842 somno
861 1784 1171 1842 crescentia
1195 1784 1346 1854 vina,
1369 1796 1695 1863 superstans

279 1893 311 1924 κ
332 1868 577 1925 Vulnera
601 1870 836 1947 disjecta
855 1872 1090 1927 rimatur
1113 1884 1302 1943 veste3
1328 1870 1427 1928 sed
1451 1869 1607 1929 illum

283 1979 311 2008 «ι
331 1952 536 2011 Infelix
565 1973 735 2031 sopor
760 1953 985 2011 admota
1008 1953 1114 2012 sub
1143 1968 1325 2013 morte
1353 1955 1582 2031 refugit.

277 2045 612 2172 «Turbigus
633 2085 650 2115 ‚
690 2045 1075 2124 incertumque
1114 2045 1291 2104 oculis
1325 2044 1687 2126 vigilantibus

545 2129 721 2174 ostem
1623 2139 1634 2159 ⁸

281 2226 312 2256 α
331 2204 591 2277 Occupat
616 2201 903 2277 amplexu3
926 2223 1027 2260 nec
1053 2204 1273 2279 segnius
1298 2200 1393 2257 illa
1419 2205 1668 2259 tenentis

282 2310 313 2340 α
332 2287 481 2342 Pone
510 2282 684 2361 adigit
707 2300 913 2357 costaS,
935 2290 1120 2346 donec
1149 2308 1246 2345 sua
1273 2297 1509 2360 pectora
1520 2287 1684 2362 ‘ferro

282 2403 312 2435 ι
337 2383 632 2458 Tangeret.
653 2371 710 2438 Is
726 2381 948 2441 demum
963 2382 1163 2440 sceleri
1180 2379 1398 2437 modus,
1419 2380 1536 2437 Ora
1553 2383 1778 2459 supinat

283 2491 314 2523 α
332 2466 580 2525 Blandus
609 2469 816 2541 adhuc,
837 2471 1123 2543 oculisque
1148 2480 1395 2524 tremens
1415 2468 1473 2523 et
1490 2488 1774 2527 murmure

503 2542 728 2619 Gorgen

282 2652 311 2684 α
331 2629 570 2703 Quaerit,
599 2643 656 2687 et
673 2629 905 2706 indigno
930 2649 1044 2686 non
1067 2628 1232 2687 solvit
1256 2628 1489 2687 brachia
1509 2626 1668 2684 collo.

352 2739 384 2770 α
406 2716 536 2773 Non
562 2736 830 2794 egonunc
851 2717 1035 2794 vulgi,
1061 2733 1390 2791 quanquam
1418 2711 1668 2769 crudelia
1687 2754 1702 2782 ,

498 2801 748 2880 pandam

280 2917 310 2948 α
327 2897 574 2964 Funera,
599 2890 702 2952 sed
728 2890 955 2969 propria
975 2887 1164 2946 luctus
1188 2888 1258 2946 d'e
1283 2889 1458 2967 stirpe
1484 2891 1770 2948 recordor.

278 3003 310 3034 α
328 2979 483 3053 Quid
495 2991 552 3034 te
569 3020 586 3049 ,
603 2979 741 3036 ssave
761 2975 964 3052 Cydon
979 2972 1006 3032 ’.Ρ
1020 2974 1159 3051 quid
1180 2988 1234 3032 te
1256 2996 1363 3054 per
1383 2974 1526 3035 colla
1542 2977 1743 3034 refusis

279 3084 309 3118 ι(
329 3063 631 3135 Intaotmn,
645 3059 1110 3133 Camucomis?
1124 3057 1354 3140 (quihus
1366 3062 1540 3125 ubera
1550 3078 1780 3121 mecum
