2079 3613
297 292 421 375 596
515 299 777 351 PANEG.
833 295 929 343 AD
979 295 1186 344 cam).
1242 294 1582 342 Pisonem.
1639 287 1754 344 136

294 403 488 456 Cessat
514 396 709 474 hyems
726 436 743 463 .,
771 390 1028 458 madidos
1069 402 1127 445 et
1153 389 1327 444 siccat
1355 407 1487 444 vere
1515 384 1756 461 capillos
1793 399 1812 437 :

294 486 416 540 Ver
440 482 582 557 sugit
607 493 822 538 aestates
840 521 855 548 ,
885 490 1135 534 aestatum
1155 488 1312 549 terga
1332 472 1555 528 lacessit

298 568 539 625 Pomifer
565 570 911 633 Autumnus,
932 562 1153 618 nivibus
1178 576 1432 616 cessurus
1454 569 1508 612 et
1531 553 1719 611 undis.

295 656 465 728 Ignea
492 651 630 727 quin
657 651 824 705 etiam
851 648 1110 723 superum
1136 657 1297 720 pater
1323 662 1475 698 arma
1501 637 1768 697 recondit
1794 676 1815 709 ,

297 740 368 793 Et
396 733 775 811 Ganymedem
794 743 1053 809 repetens
1080 726 1337 785 convivia
1368 743 1563 782 mensae
1582 764 1598 793 ‚

298 824 506 879 Pocula
532 820 695 877 sumit
723 839 784 873 ea
809 860 824 885 ‚
853 837 963 891 qua
989 815 1153 893 gessit
1174 812 1429 880 fulmina,
1458 808 1669 867 dextra.

304 905 672 981 Temporibus
698 902 902 960 servire
930 900 1096 957 decet
1119 918 1134 955 ι
1165 899 1262 975 qui
1285 910 1535 972 tempora
1556 893 1727 950 certis

300 989 650 1048 Ponderibus
676 986 969 1066 pensavit,
1000 1005 1130 1042 eum
1156 984 1199 1040 si
1217 982 1365 1039 bella
1396 980 1677 1039 vocabunt
1694 1018 1713 1046 .,

301 1075 461 1133 Miles
486 1076 591 1132 erit
617 1094 630 1131 ε
660 1075 702 1130 si
730 1093 844 1150 pax
862 1114 877 1140 ‚
912 1069 1110 1147 positis
1131 1083 1256 1142 toga
1281 1066 1473 1142 gestiet
1499 1062 1689 1118 armis,

304 1164 469 1217 Hunc
499 1161 623 1215 fora
655 1170 915 1236 pacatum
936 1198 951 1224 ‚
979 1154 1283 1210 bellantem
1303 1162 1480 1206 castra
1502 1148 1815 1203 decebant.

302 1245 453 1301 Felix
478 1244 571 1301 illa
600 1244 718 1299 dies
736 1285 752 1310 ‚
784 1253 1077 1315 totumque
1104 1235 1352 1293 canenda
1378 1253 1483 1308 per
1506 1231 1706 1286 orbem
1723 1267 1742 1295 ‚

303 1334 440 1403 Quae
466 1328 597 1396 tibi,
627 1327 817 1384 vitales
843 1345 970 1381 cum
999 1322 1240 1399 primum
1267 1319 1508 1376 traderet
1528 1319 1693 1373 au'ras
1713 1356 1730 1382 ‚

303 1413 554 1470 Contulit
581 1413 893 1476 innumeras
920 1410 1067 1463 iutra
1101 1420 1189 1462 tua
1220 1417 1456 1481 pectora
1478 1401 1672 1457 dotes!

305 1496 452 1552 Mira
483 1499 671 1552 subest
698 1493 939 1569 gravitas
977 1492 1125 1545 inter
1147 1492 1265 1544 fora
1294 1509 1305 1541 :
1333 1487 1508 1541 mirus
1527 1526 1544 1550 ,
1578 1483 1790 1540 omissa

305 1581 587 1657 Paulisper
616 1578 885 1658 gravitate
903 1620 920 1648 ‚
944 1575 1125 1652 lepos,
1154 1574 1211 1631 Si
1235 1572 1480 1629 carmina
1500 1572 1639 1627 forte

303 1671 537 1723 Nectere
562 1664 782 1722 ludenti
804 1664 940 1740 juvit
965 1661 1235 1717 fluitantia
1263 1677 1453 1727 versu,

304 1748 540 1813 Aonium
565 1751 742 1808 facilis
772 1749 1002 1809 deducit
1027 1747 1235 1825 pagina
1263 1765 1507 1803 carmen.

304 1837 436 1895 Sive
476 1837 683 1915 chelyn
708 1837 925 1914 digitis,
955 1848 1009 1892 et
1037 1835 1256 1891 eburno
1278 1831 1512 1887 verbere
1539 1829 1734 1906 pulsas
1754 1870 1772 1899 ,

306 1924 496 1980 Dulcis
521 1922 820 1999 Apollinea
846 1921 1097 1996 sequitur
1125 1918 1401 1977 testudine
1423 1928 1619 1974 cantus
1639 1956 1656 1984 ‚

308 2009 375 2064 Et
402 2021 458 2064 te
480 2007 746 2063 credibile
769 2020 848 2062 est
875 2006 1084 2062 Phoebo
1111 2003 1366 2061 didicisse
1394 2002 1670 2076 magistro.

307 2094 393 2149 Ne
422 2091 636 2167 pudeat
664 2091 944 2166 pepulisse
970 2090 1183 2165 lyram,
1211 2109 1367 2158 cum,
1396 2106 1540 2163 pace
1574 2104 1767 2142 serena
1790 2125 1807 2155 ,

309 2178 538 2235 Publica
564 2177 770 2233 securis
795 2176 1044 2234 exultent
1065 2176 1175 2231 otia
1197 2175 1402 2231 terri5.'

311 2264 362 2319 N
368 2282 433 2317 ec
458 2260 673 2337 pudeat
694 2262 927 2317 Phoebea
955 2259 1177 2334 chelyS‚
1211 2259 1255 2313 si
1284 2257 1563 2327 creditur,
1589 2254 1698 2310 illis

307 2344 797 2403 Pulsarimanibus
812 2387 825 2412 ‚
848 2345 1052 2421 quibus
1078 2356 1135 2400 et
1162 2343 1523 2399 contenditur
1547 2359 1731 2396 arcus,

308 2435 439 2508 Ipse
468 2431 631 2487 fidem
656 2430 894 2488 movisse
915 2432 1073 2485 ferox
1097 2441 1352 2486 narratur
1375 2428 1616 2485 Achilles
1637 2467 1657 2494 ‚

307 2518 572 2590 Quamvis
603 2515 749 2570 mille
778 2528 923 2571 rates
951 2514 1254 2569 Priameius
1280 2525 1467 2569 ureret
1492 2512 1663 2566 heros
1683 2550 1700 2578 ‚

296 2599 379 2658 'Et
403 2602 586 2677 gravis
612 2601 965 2675 obstreperet
994 2598 1290 2655 modulatis
1329 2597 1569 2654 buccina
1596 2592 1828 2650 nervi&

308 2686 414 2743 Illo
448 2686 607 2743 dulce
637 2685 813 2741 melos
840 2686 1081 2740 Nereius
1108 2682 1308 2739 extulit
1330 2684 1500 2739 heros

307 2770 514 2827 Pollice
531 2814 545 2840 ,
579 2769 839 2826 terribilis
865 2787 977 2843 quo
1000 2766 1309 2842 Peliasibat
1339 2767 1395 2821 in
1422 2765 1659 2820 hostem.

313 2860 486 2912 Arma
515 2858 622 2911 tuis
648 2853 812 2911 etiam
840 2854 883 2909 si
908 2855 1054 2910 forte
1082 2865 1265 2908 rotare
1289 2850 1509 2907 lacertis
1531 2894 1547 2920 ,

311 2943 488 3014 Inque
515 2939 743 3017 gradum
778 2937 974 2994 clausis
996 2936 1155 2993 libuit
1180 2936 1482 2992 consistere
1501 2931 1782 3004 membriS,

311 3026 382 3083 Et
414 3025 584 3082 vitare
611 3023 799 3095 simul,
833 3036 889 3078 et
917 3035 1142 3100 captare
1166 3034 1483 3099 petentem:
