2079 3613
340 318 464 363 1'20
677 300 1118 371 ΤΗΕΒΑΙΒΟΞ,
1169 304 1313 356 LIB.
1368 301 1444 355 V.
1550 303 1647 362 151

333 432 361 462 α
384 406 685 476 Uberibus,
710 408 977 480 ferroque
1005 384 1198 461 omnes
1225 403 1375 461 exire
1395 422 1501 479 per
1522 423 1713 460 annos.

401 518 435 544 α
454 496 606 549 Tunc
632 491 827 549 viridis
846 492 953 546 late
973 496 1134 551 lucus
1150 532 1165 559 .,
1192 492 1322 564 juga
1342 487 1489 545 celsa
1509 488 1774 546 Minervae

326 602 356 633 a
377 580 635 657 Propter:
656 589 864 655 opacat
880 576 1110 633 humum
1127 575 1285 651 niger
1304 574 1446 652 ipse3
1473 575 1574 630 sed
1591 574 1820 650 insuper

544 683 740 719 merens

322 775 351 804 ‹<
367 754 539 810 Mons
555 709 762 823 pffemit
778 789 793 818 ‚
808 762 871 804 et
890 747 1111 823 gemina
1130 757 1371 822 pereunt
1390 746 1631 822 caligine
1644 746 1813 803 soles:

317 857 348 887 2>
370 836 484 890 Hic
506 853 737 890 sanxere
766 832 968 889 fidem:
1000 846 1064 888 tu
1088 831 1291 887 Martia
1316 831 1474 887 testis
1498 833 1659 904 Enyo
1674 874 1693 899 ,

318 940 349 975 κ
371 922 563 995 Atque
591 919 813 998 inferna
841 920 1044 990 Cere-S,
1076 915 1389 992 Stygiaeque
1409 956 1426 987 ,
1454 915 1767 972 Acheron-te

534 1003 748 1061 recluso
767 1046 784 1074 ‚

319 1111 349 1142 κ
367 1090 516 1145 Ante
541 1109 737 1166 preces
762 1108 963 1148 venere
991 1087 1141 1142 Deaes
1175 1085 1286 1142 Sed
1315 1086 1456 1145 fallit
1483 1085 1687 1162 ubique

310 1180 343 1226 'at
367 1172 542 1230 Mixta
583 1177 772 1228 Venus
805 1194 817 1226 t
849 1174 1047 1231 Venus
1081 1191 1235 1227 arma
1272 1183 1433 1227 tenet
1462 1189 1475 1224 ε
1510 1175 1701 1228 Venus

522 1258 793 1314 admonet
825 1253 953 1313 iras·

313 1368 342 1398 α
362 1345 481 1400 Nec
507 1343 579 1398 de
602 1364 756 1399 more
785 1362 952 1399 cruor
976 1364 988 1398 t
1017 1354 1215 1398 natum
1242 1343 1520 1416 Carope'ia
1549 1341 1749 1416 conjux

307 1428 600 1485 «Obtulit.
629 1429 945 1503 Accingunt
972 1448 1117 1497 sese,
1147 1442 1200 1483 et
1223 1430 1484 1484 mirantia
1513 1431 1661 1485 serro

309 1539 338 1568 κ
359 1516 622 1584 Pectora,
658 1514 1048 1591 congestisque
1065 1507 1253 1570 'avidae
1279 1513 1436 1570 simul
1463 1513 1713 1590 undique

510 1600 724 1658 dextris
740 1642 756 1671 ‚

303 1718 331 1748 κ
352 1694 737 1770 Perfringunt,
770 1715 832 1750 ac
859 1695 1020 1752 dulce
1047 1695 1205 1749 nefas
1225 1694 1281 1749 in
1308 1693 1573 1769 sanguine
1593 1692 1720 1750 vivo

300 1804 329 1837 «
350 1781 694 1856 Conjurant,
722 1795 1073 1859 matremque
1101 1798 1296 1837 recens
1324 1777 1691 1838 circumvolat

510 1866 753 1923 umbras

362 1982 392 2013 «
414 1958 571 2014 Talia
609 1960 863 2016 cernenti
890 1959 1032 2014 mihi
1064 1971 1309 2051 quantus
1339 1959 1399 2013 in
1438 1956 1653 2014 ossibus

500 2043 736 2099 horror.
719 2041 746 2080 Ῥ

258 2189 263 2194 .
289 2159 318 2189 κ
339 2136 552 2207 Quisve
569 2152 675 2208 per
696 2152 792 2187 ora
815 2130 999 2187 color?
1012 2131 1189 2207 qualis
1216 2148 1340 2188 cum
1362 2154 1524 2190 cerva
1540 2135 1789 2192 cruentis

285 2251 316 2282 κ
340 2226 738 2284 Circumventa
766 2223 910 2298 lupis
928 2265 944 2293 ‚
973 2220 1186 2280 nullum
1213 2225 1304 2281 cui
1331 2238 1558 2302 pectore
1583 2228 1735 2286 molli

287 2343 316 2372 «
338 2316 566 2387 Robur,
596 2329 655 2373 et
679 2318 737 2371 in
764 2311 980 2374 volucri
1006 2314 1186 2373 tenuis
1208 2318 1419 2375 fiducia
1445 2338 1608 2375 cursu
1623 2357 1643 2383 ,

284 2434 316 2464 c<
336 2408 656 2484 Praecipitat
682 2427 946 2483 suspensa
971 2412 1161 2484 fugam
1182 2429 1195 2463 ι
1223 2410 1335 2484 jam
1362 2412 1587 2486 jamque
1607 2413 1781 2468 teneri

286 2528 317 2554 κ
341 2499 539 2560 Credit
559 2542 574 2571 ‚
606 2513 663 2556 et
689 2499 866 2577 eluso-s
891 2501 1045 2558 audit
1074 2522 1401 2561 concurrere
1427 2523 1661 2560 morsus,

333 2607 385 2645 ἀ
403 2591 493 2649 Illi
521 2591 768 2650 aderant.
795 2593 993 2650 Primis
1009 2595 1234 2670 jamque
1259 2594 1547 2654 offendere
1570 2596 1773 2653 carinae

275 2711 306 2741 κ
322 2685 666 2743 ¹Littoribus':
697 2698 915 2744 certant
940 2687 1084 2744 saltu
1108 2690 1432 2762 contingere
1456 2701 1663 2743 terram

279 2805 308 2835 ε(
327 2783 398 2836 Pr
402 2779 662 2856 aecipiteS.
688 2781 877 2836 Miseri
893 2822 909 2851 .,
933 2802 1074 2856 quos
1097 2801 1210 2835 non
1231 2792 1327 2836 aut
1344 2777 1571 2835 horrida
1592 2779 1767 2839 virtus

277 2874 506 2962 «Mante
538 2873 641 2927 sub
677 2872 952 2950 Odrysi0‚
997 2883 1094 2927 aut
1127 2869 1301 2927 medii
1335 2869 1711 2977 inclementin

485 2956 648 3033 ponti

266 3074 301 3109 <t
313 3042 608 3113 Hauserit.
622 3052 740 3112 alta
754 3051 923 3114 etiam
931 3050 1207 3131 Superfim
1220 3050 1451 3113 derubra
1463 3063 1756 3131 vaporant,
