2079 3613
250 260 331 322 38
591 265 1018 334 ΤΗΕΒΑῙυοε,
1070 272 1213 321 mn.
1267 272 1352 320 11.
1449 269 1559 347 259

241 364 652 443 Praemissasque
676 367 829 423 faces
846 409 861 437 ,
891 366 1100 423 festum
1121 367 1462 425 nubentibus
1487 370 1667 449 ignem
1685 414 1700 441 ‚

245 450 474 520 Obruit,
503 472 643 526 eque
675 451 864 527 adytis
890 453 1052 508 simul
1078 456 1342 510 exaudita
1369 455 1597 510 remotis
1616 498 1632 525 ,

244 540 502 595 Nondum
537 558 699 593 ausos
732 538 958 592 firmare
996 539 1262 615 gradum,
1299 540 1437 596 tuba
1472 542 1674 596 terruit

390 623 606 702 ingens.

241 710 307 763 In
332 726 521 782 regem
550 708 802 764 conversi
830 722 1020 765 omnes
1050 710 1349 767 formidine
1377 711 1591 787 prima,
1578 729 1591 742 ·

239 799 376 851 Mox
397 794 618 850 audisse
638 807 880 869 negant3
895 806 1130 852 cunctos
1149 809 1339 852 tamen
1359 797 1543 852 omina
1562 816 1747 853 rerum

236 881 371 935 Dira
402 890 674 948 movent,
710 877 986 973 variisque
1022 884 1237 937 metum
1273 881 1618 938 sermonibus
1673 906 1676 911 ·

389 984 461 1019 au
500 978 613 1021 ent.

240 1039 357 1094 Nec
383 984 615 1094 minium!
646 1054 777 1093 nam
806 1050 867 1094 tu
894 1040 1191 1107 infaustos,
1221 1040 1469 1097 donante
1493 1040 1693 1099 marito
1723 1082 1740 1111 ,

239 1125 320 1178 01
324 1136 516 1193 natus
557 1125 768 1201 Argia,
807 1125 981 1201 geris»,
1020 1125 1318 1203 dirumque
1356 1126 1561 1182 monile

236 1209 573 1268 Harmonies
586 1231 603 1278 ς
621 1209 789 1284 longa
810 1221 894 1265 est
914 1212 1086 1265 series
1100 1250 1115 1279 ,
1140 1215 1236 1268 sed
1255 1224 1388 1268 nota
1410 1212 1709 1279 malou-mn,

239 1297 550 1370 Prosequar
575 1294 723 1350 unde
754 1294 912 1350 novis
933 1306 1045 1349 tam
1068 1316 1209 1353 saeva
1236 1300 1493 1374 potentia
1520 1298 1705 1353 donis.

238 1406 244 1415 ·
310 1381 709 1437 Lemniushaec
724 1423 738 1448 ,
756 1389 819 1433 ut
832 1378 1012 1457 priscaa
1030 1380 1200 1453 fides,
1225 1384 1499 1440 Mavortia
1517 1382 1743 1457 longum

235 1467 411 1522 Furta
431 1464 652 1536 dolena,
685 1477 853 1540 capto
878 1479 1175 1542 postquam
1193 1468 1335 1523 nihil
1361 1469 1546 1525 obstat
1567 1468 1742 1524 amori

233 1552 427 1620 Poena,
462 1570 568 1608 nec
603 1550 833 1608 ultrices·
856 1553 1197 1630 castigavere
1224 1567 1438 1611 catenae
1460 1596 1476 1624 ,

234 1637 568 1693 Harmonies
596 1637 782 1695 dotale
809 1635 977 1696 decus
1005 1639 1109 1695 sub
1143 1640 1267 1696 luce
1295 1640 1467 1716 jugali

233 1725 541 1779 Struxerat.
563 1726 704 1793 Hoc,
718 1722 869 1780 docti
888 1744 1213 1801 quanquam
1232 1727 1458 1798 majora,
1479 1725 1741 1780 laborant

232 1808 550 1886 Cyclopes,
580 1812 811 1886 notique
845 1826 1084 1888 operum
1110 1804 1481 1878 Thelchine5‚
1514 1810 1688 1867 amica
1719 1851 1724 1858 «

232 1895 505 1951 Certatim
523 1899 713 1970 juvere
730 1916 931 1958 manu..
947 1893 1059 1951 Sed
1076 1894 1357 1971 plurimus
1377 1897 1486 1972 ipsi

192 2023 197 2027 .
231 1980 441 2038 Sudor:
471 1981 549 2039 ibi
574 2003 783 2040 arcano
810 1982 1079 2037 florentes
1109 1980 1238 2055 igne
1267 1978 1592 2054 smaragdos

236 2067 423 2143 Cingit
436 2110 450 2137 ,
473 2081 526 2125 et
545 2069 815 2126 infaustas
834 2083 1172 2141 percussum
1190 2061 1484 2119 adamanta
1505 2066 1740 2144 figura,

237 2152 679 2231 Gorgoneosque
708 2151 905 2217 orbes,
928 2145 1228 2220 Siculaque
1253 2147 1450 2205 incude
1470 2151 1705 2209 relictos

233 2237 504 2295 Fulminis
528 2236 768 2295 extremi
787 2234 1006 2289 cineres
1021 2231 1409 2312 ,viridumque
1431 2237 1743 2295 draconum

230 2327 499 2380 Lucentes
525 2346 555 2380 a
582 2314 770 2378 fronte
798 2316 961 2392 jubas
986 2336 999 2372 ε
1027 2316 1124 2373 hic
1140 2319 1318 2379 flebile
1347 2344 1578 2400 germen

233 2409 613 2486 Hesperidum
634 2450 649 2474 ,
674 2416 733 2459 et
754 2402 938 2458 dirum
956 2405 1208 2484 Phryxaei
1237 2409 1463 2467 velleris
1482 2428 1702 2466 aurum.

229 2495 375 2549 Tum
401 2491 586 2548 varias
610 2493 832 2564 pesteS,
859 2502 1188 2567 raptumque
1214 2491 1542 2566 interplicat
1568 2502 1691 2546 atro

226 2578 575 2655 Tisiphones
608 2573 680 2629 de
722 2571 867 2631 crine
905 2576 1142 2648 ducem,
1179 2589 1234 2633 et
1274 2596 1399 2650 quae
1434 2576 1678 2652 pessima

375 2664 600 2717 Caeston

226 2745 331 2805 Vis
354 2745 578 2822 probat.
608 2747 738 2804 Haec
761 2748 972 2807 circum
997 2747 1214 2825 spumis
1234 2745 1520 2804 lunaribus
1545 2749 1701 2828 ungit

230 2822 514 2910 Callidus,
542 2844 703 2910 atque
727 2834 891 2893 hilari
915 2831 1210 2911 perfundit
1229 2846 1425 2890 cuncta
1455 2856 1692 2893 veneno.

228 2903 358 2971 Non
380 2915 488 2975 hoc
512 2921 796 2992 Pasithea,
823 2917 1160 2977 blandarum
1186 2917 1361 2996 prima
1385 2940 1670 2978 sororum:

227 3004 353 3063 Non
375 3009 588 3084 Decor,
614 3009 944 3085 Idaliusque
964 3019 1123 3085 puer3
1147 3008 1241 3068 sed
1260 3011 1488 3085 LuctuS,
1515 3024 1568 3068 ct
1589 3013 1694 3068 Irae
1709 3051 1724 3082 ,
