2079 3613
273 274 399 358 374
512 285 954 353 mmmmm,
1006 286 1150 339 mn.
1202 291 1338 340 ΧΠ.
1447 289 1554 347 532

342 382 559 439 Primus
584 404 740 440 amor
765 384 948 442 niveis
987 382 1254 442 victorem
1284 405 1516 443 cernere
1548 395 1770 443 vectum

266 469 658 545 Quadriiugis'‚
685 489 794 527 nec
819 491 935 526 non
950 471 1193 548 populos
1219 473 1278 528 in
1307 484 1485 529 semet
1513 471 1715 549 agebat

266 552 614 630 Hippolyte,
640 556 752 628 jam
775 555 981 612 blanda
1008 577 1204 633 genas.,
1232 558 1566 637 patiensque
1587 556 1775 614 mariti

261 638 523 695 Foederis.
570 644 733 696 Hanc
761 641 954 717 patriae
980 642 1121 697 ritus
1141 640 1369 719 fregisse
1386 663 1607 701 severos

263 722 516 780 Atthides
537 724 773 801 obliquae
797 745 987 783 secum
1006 727 1276 784 mirantur
1292 743 1494 805 operto

214 830 217 833 ·
261 810 554 866 Murmure
587 831 599 864 ε
626 809 782 886 quod
813 809 976 867 nitidi
995 812 1178 868 crines
1196 855 1211 883 ‚
1241 817 1399 890 quod
1421 827 1658 892 pectora

482 892 633 969 palla

262 975 407 1034 Tota
430 975 606 1033 latent
623 1019 639 1049 ,
670 978 886 1058 magnis
911 980 1066 1057 quod
1091 981 1328 1038 barbara
1356 995 1533 1039 semet

476 1064 715 1120 Athenis
1261 1067 1265 1071 ’

260 1148 525 1219 Misceat,
552 1162 717 1226 atque
737 1150 888 1207 hosti
909 1152 1099 1209 veniat
1116 1152 1368 1231 paritura
1391 1152 1610 1209 marito}

330 1235 558 1292 Paulum
585 1236 732 1294 etab
759 1238 981 1294 insessis
1003 1252 1214 1297 moestae
1236 1238 1565 1318 Pelopeides
1586 1239 1693 1298 aris

257 1320 589 1379 Promovere
610 1322 844 1399 gradum
861 1365 876 1393 ‚
900 1323 1215 1401 seriemque
1241 1338 1298 1382 et
1319 1324 1466 1383 dona
1486 1325 1764 1404 triumphi

256 1405 540 1463 Mirantur
560 1451 577 1475 ,
608 1407 857 1482 victique
883 1408 1072 1465 animo
1096 1411 1318 1468 rediere
1347 1412 1551 1467 mariti.

255 1492 435 1566 Atque
454 1492 549 1547 ubi
573 1492 813 1549 tardavit
834 1512 1030 1550 currus
1056 1537 1072 1564 ‚
1102 1506 1160 1551 et
1187 1495 1257 1551 ab
1278 1498 1382 1553 axe
1398 1495 1650 1572 superbo

255 1577 524 1653 Explorat
548 1595 744 1635 causas
771 1578 954 1635 victor
975 1622 991 1650 ‚
1014 1580 1311 1658 poscitque
1334 1583 1573 1660 benigna

252 1663 630 1739 Aureprece3‚
659 1686 790 1722 ausa
805 1678 937 1722 ante
957 1667 1092 1722 alias
1118 1668 1404 1742 Capaneia
1433 1671 1640 1742 conjux
1665 1689 1681 1726 t

331 1771 359 1801 «
378 1749 615 1827 Belliger
634 1750 835 1829 AEgide
848 1793 864 1823 ,
890 1751 1087 1809 subitae
1105 1752 1198 1810 cui
1217 1753 1458 1811 maxima
1472 1752 1657 1811 laudis

253 1859 285 1890 «
306 1837 529 1893 Semina
553 1837 621 1894 de
640 1840 842 1895 nostris
859 1840 1045 1915 aperit
1063 1841 1285 1896 fortuna
1305 1839 1477 1897 ruinis
1492 1880 1509 1912 ‚

250 1945 278 1975 κ
309 1923 437 1979 Non
466 1936 692 1980 externa
711 1944 887 2002 genus
902 1967 917 1994 ‚
945 1923 1079 1981 dirae
1098 1945 1205 1982 nec
1223 1925 1448 1983 conscia
1470 1947 1633 1984 noxae
1648 1970 1665 1999 ‚

251 2029 280 2060 «
300 2008 493 2063 Turba
549 2029 757 2066 sumus.
805 2011 1018 2066 Domus
1063 2011 1247 2085 Argos
1284 2023 1433 2081 erat,
1481 2029 1753 2090 regesque

453 2108 661 2150 marm.

249 2202 278 2235 «
297 2181 425 2237 Non
453 2182 670 2237 utinam
696 2192 754 2237 et
779 2181 954 2237 fortes
976 2187 989 2238 !
1017 2180 1170 2254 Quid
1186 2182 1334 2239 enim
1351 2196 1584 2263 septena

465 2286 687 2323 movere
1079 2313 1083 2317 .

245 2373 276 2405 α
295 2354 489 2408 Castra
508 2393 524 2421 ‚
554 2363 609 2407 et
632 2352 962 2429 Agenoreos
982 2369 1128 2429 opus
1147 2354 1449 2412 emendare
1471 2355 1748 2432 penates?
1778 2393 1783 2397 ·

245 2462 273 2492 α
294 2442 413 2495 Nec
441 2436 732 2515 querimur
749 2459 919 2498 caesos
933 2482 950 2512 ‚
964 2439 1083 2498 haec
1099 2440 1306 2499 bellica
1328 2445 1452 2518 jura
1469 2485 1485 2515 ,

460 2545 725 2601 vicesque

238 2634 268 2664 α
300 2613 605 2668 Armorum
633 2631 648 2666 z
679 2612 776 2668 sed
803 2633 917 2668 non
943 2611 1146 2671 Siculis
1171 2626 1366 2671 exorta
1394 2614 1496 2670 sub
1519 2615 1693 2672 antris

196 2686 209 2698 ’
240 2720 269 2751 «
294 2701 551 2754 Monstra
571 2739 586 2767 ‚
610 2717 717 2754 nec
737 2698 910 2754 Ossaei
929 2697 1080 2755 bello
1110 2700 1364 2756 cecidere
1381 2698 1742 2758 bimembres.

240 2808 269 2838 «
291 2783 462 2841 Mitto
488 2786 696 2860 genus,
729 2784 1020 2860 clarosque
1046 2799 1270 2862 patres;
1291 2785 1583 2843 hominum
1600 2830 1616 2860 ,

151 2858 174 2870 „
460 2870 675 2948 inclyte
690 2872 919 2928 Theseu
936 2915 950 2939 ‚

239 2981 267 3012 «
287 2955 524 3033 Sanguis
545 2968 702 3011 erant
716 2996 734 3029 ‚
762 2956 1045 3031 homine5‚
1070 2957 1376 3036 eademque
1396 2959 1454 3017 in
1473 2959 1654 3019 sidera
1675 3002 1692 3031 ‚

320 3051 325 3055 ’
450 3038 675 3098 eosdem
