2079 3613
451 291 559 373 575
695 272 1139 357 ΤΗΕΒΑῙῡοε,
1191 293 1330 342 Lm.
1383 291 1495 345 111.
1738 312 1813 370 77

317 391 582 450 Extrahit
605 389 848 446 incertis.
876 392 948 445 Et
972 390 1087 463 jam
1107 409 1366 465 suprema
1396 391 1665 447 Tonantis

313 478 345 532 J
352 497 473 533 ussa
488 476 737 533 fremunt
750 516 765 546 ‚
784 494 1054 551 agrosque
1066 473 1205 532 viris
1222 516 1240 543 ,
1263 492 1583 548 annosaque
1604 486 1823 529 vastant

314 554 566 638 Oppida.
592 560 931 636 Bellipotens
958 581 1072 636 prae
1098 580 1156 617 se
1191 561 1344 617 Deus
1369 559 1587 633 agmina
1616 559 1826 633 passim-
1881 561 1892 572 “

314 648 466 705 Mille
494 650 664 724 rapit.
692 647 934 724 Liquere
961 649 1190 715 dom05,
1216 645 1535 720 dilectaque
1560 644 1673 700 laeti

315 737 611 793 Connubia
627 778 644 807 ,
675 750 730 793 et
754 737 937 810 primo
959 733 1254 812 plorantes
1276 732 1476 790 limine
1502 743 1698 801 natos;

315 816 529 879 Tantus
559 822 617 878 in
642 821 911 878 attonitos
937 820 1144 877 cecidit
1169 818 1351 876 Deus!
1378 821 1540 875 Arina
1570 813 1826 894 paternis

311 908 604 978 Postibu5‚
633 922 687 964 et
714 909 857 965 fixos
882 910 1159 982 Superum
1190 906 1260 961 ad
1290 904 1602 982 penetralia
1627 921 1827 961 currus

313 985 537 1049 Vellere
564 1012 738 1047 amor.
762 996 925 1060 Tune
951 993 1096 1047 fessa
1124 990 1279 1065 putri
1307 991 1564 1066 rubigine
1587 989 1691 1047 tela
1709 1033 1726 1056 ,

317 1082 737 1149 Horrentesque
760 1075 871 1129 situ
889 1073 1108 1148 gladios
1135 1076 1196 1128 in
1221 1093 1366 1128 saeva
1385 1088 1683 1130 recurvant

316 1162 565 1216 Vulnera
585 1201 601 1227 ,
632 1172 689 1215 et
719 1158 912 1220 attrito
946 1170 1155 1235 cogunt
1186 1159 1557 1234 juvenescere
1587 1179 1740 1217 saxo.

315 1246 393 1302 Hi
416 1257 624 1301 teretes
645 1244 863 1321 galeas,
892 1263 1338 1321 magnorumque
1365 1262 1504 1299 aerea
1532 1256 1655 1301 suta

318 1330 674 1399 Thoraoum,
709 1342 765 1384 et
797 1329 1017 1385 tunicas
1045 1328 1353 1405 chalybum
1383 1327 1668 1405 squallore

463 1435 524 1471 ct
529 1426 767 1491 epantes
1519 1463 1522 1470 .

317 1501 643 1557 Pectoribus
672 1513 932 1570 tentare3·
963 1500 1057 1555 alii
1082 1467 1359 1577 (Jortynia
1385 1498 1603 1557 lentant

320 1587 566 1643 Cornua.
590 1588 627 1642 J
630 1606 719 1642 am
739 1588 907 1642 falces
933 1584 1110 1642 avidis
1138 1597 1194 1639 et
1223 1596 1408 1640 aratra
1437 1586 1670 1641 caminis
1688 1626 1710 1656 ,·

316 1675 622 1747 Rostraque
639 1715 654 1741 ,
675 1684 729 1729 et
753 1670 975 1729 incurvi
995 1689 1202 1727 saevum
1222 1671 1462 1727 rubuere
1487 1668 1730 1746 ligones,—

319 1756 553 1814 Caedere
572 1777 678 1815 nec
702 1757 919 1815 validas
944 1758 1155 1815 sanctis
1181 1777 1211 1812 c
1240 1756 1508 1834 stirpibus
1529 1756 1758 1826 hastaS,

318 1844 442 1897 Nec
470 1842 654 1916 pudor
675 1843 908 1895 emerito
933 1841 1201 1916 clypeum
1231 1842 1457 1897 vestisse
1481 1845 1754 1915 juvenco⁸¹

319 1929 591 2002 Irrupere
620 1926 840 2000 Argos,
870 1922 1160 1996 moestique
1191 1922 1263 1974 ad
1286 1922 1475 1976 limina
1494 1921 1639 1995 regis

315 2010 463 2068 Bella
498 2010 698 2067 animis
718 2051 735 2082 ,
768 2005 916 2065 bella
948 2027 1043 2065 ore
1077 2009 1345 2064 fremunt.
1380 2008 1435 2062 It
1470 2003 1683 2061 clamor
1712 2007 1788 2062 ad
1850 2071 1859 2078 ⁸

461 2115 652 2167 auras,

315 2183 568 2252 Quantus
591 2178 872 2256 Tyrrheni
903 2178 1145 2255 gemitus
1170 2172 1299 2236 salis
1315 2217 1331 2249 ‚
1362 2191 1461 2235 aut
1485 2177 1584 2234 ubi
1610 2189 1791 2237 tentat

314 2264 633 2322 Enceladus
654 2277 870 2322 mutare
897 2265 1062 2321 latus.
1088 2263 1297 2321 Procul
1316 2264 1511 2341 igneus
1534 2263 1706 2320 antris

315 2351 478 2406 Mons
497 2363 656 2406 tonat
675 2369 695 2404 ι
714 2348 1006 2407 exundant
1026 2348 1235 2426 apices,
1258 2350 1575 2426 fluctusque
1598 2353 1834 2407 Pelorus*

272 2449 277 2455 ’
317 2436 651 2504 Contrahit‚
680 2447 737 2490 et
765 2449 957 2512 sperat
984 2436 1148 2492 tellus
1172 2436 1415 2512 abrupta
1441 2436 1674 2493 teverti.

389 2519 580 2591 Atque
606 2520 701 2577 hic
724 2522 941 2595 ingenti
967 2523 1270 2605 Capaneus
1295 2523 1580 2579 Mavortis
1591 2541 1779 2577 amore

222 2658 227 2659 γ
315 2603 583 2673 ExcituS‚
606 2615 664 2659 et
688 2604 910 2678 longam
939 2596 1164 2680 pridem
1184 2607 1534 2682 indignantia
1554 2624 1755 2678 pacem

316 2689 505 2746 Corda
538 2702 757 2747 tumens
784 2687 948 2770 (huic
976 2689 1159 2764 ampla
1187 2690 1417 2764 quidem
1443 2689 1515 2744 de
1557 2689 1825 2764 sanguine

459 2775 648 2853 priseo

316 2861 610 2933 Nobilitas,
634 2864 735 2920 sed
753 2862 898 2920 enim
917 2863 932 2918 i
937 2882 1038 2940 pse
1057 2881 1228 2918 manu
1246 2879 1578 2938 praegressus
1593 2880 1823 2931 avorum

314 2948 477 3002 Facta
495 2988 511 3017 ‚
543 2946 639 3004 diu
664 2960 788 3005 tuto
815 2947 1097 3025 Superum
1126 2959 1508 3023 contemptor,
1537 2960 1593 3003 et
1620 2950 1766 3023 aequi

318 3031 652 3107 Impatiens,
678 3032 974 3110 largusque
997 3035 1225 3107 animm,
1248 3032 1415 3090 modo
1436 3033 1671 3089 suaserit
1691 3029 1818 3107 ira).
