2079 3613
321 295 442 336 202
594 284 1038 350 THEBAIDOS,
1091 285 1240 337 ιη.
1294 288 1434 339 vn.
1526 262 1675 366 571⁹

313 385 487 443 Curat
506 425 522 453 ,
551 395 607 440 et
634 383 844 443 alterno
874 384 1121 441 maculas
1151 383 1439 462 interligat
1469 401 1642 467 ost-ro.

29 404 52 539 l.
310 472 548 546 Jamque
570 471 680 546 ipsi
705 464 878 528 ssolles
894 513 912 543 ,
937 470 1060 549 ipsa
1088 471 1195 531 has
1225 470 1387 552 (quis
1415 475 1611 533 credat
1630 474 1697 554 ἲ)

29 592 30 605 ,
525 557 790 614 amabant
1576 574 1592 607 κ’

45 548 52 781 l
306 655 595 724 Armenta,
621 667 793 732 atque
820 676 963 715 ausae
991 658 1206 715 circum
1233 659 1446 734 mugire
1473 662 1745 736 juvencae.

45 788 52 815 ff
304 741 527 818 Quippe
543 741 687 797 nihil
702 756 945 818 grassata
965 746 1141 802 sames
1156 791 1174 816 ,
1194 767 1389 804 manus
1408 747 1576 807 obvia
1592 751 1807 828 pascit,

44 856 52 899 Π
300 828 763 903 Exspectantque
784 829 959 901 cibos»,
979 832 1216 908 fusoque
1232 832 1514 890 horrenda
1533 838 1801 914 supinant

301 910 421 968 Ora
444 931 633 981 mern,
658 933 798 988 vaga
823 935 950 972 rure
971 917 1148 993 quies.
1173 917 1230 973 Si
1254 921 1481 995 quando
1500 920 1744 1000 benigno

17 1062 18 1071 ἵ
298 1001 512 1061 Urbem
544 1004 715 1062 iniere
746 1007 950 1085 gradu,
986 1007 1186 1067 domus
1221 1012 1432 1084 omnis»,
1473 1026 1532 1071 et
1563 1017 1750 1073 omnia
1822 1040 1825 1045 ·

17 1084 20 1147 1
395 1116 402 1123 ’
516 1091 689 1147 sacris
1078 1088 1081 1091 “

19 1184 22 1245 ἱ
298 1186 535 1263 Templa
555 1190 740 1248 calent
757 1233 774 1260 ,
795 1192 1095 1270 ipsumque
1121 1195 1265 1254 fides
1289 1188 1520 1256 intrass’e
1540 1202 1809 1278 Lyaeum„

19 1300 44 1357 i*
293 1273 408 1327 Has
432 1273 531 1329 ubi
561 1275 796 1350 vipereo
824 1290 1000 1336 tactas
1029 1293 1120 1337 ter
1145 1295 1435 1358 utramque
1466 1285 1681 1362 flagello

43 1376 46 1381 ·
290 1355 553 1417 Eumenis
576 1358 635 1414 in
654 1359 831 1418 furias
846 1404 863 1433 ,
890 1364 1244 1443 animumque
1268 1371 1455 1427 redire
1481 1371 1730 1447 priorem
1864 1402 1874 1429 f

291 1438 564 1515 Impulit,
591 1458 918 1520 erumpunt,
948 1469 1062 1505 non
1088 1455 1516 1526 agnoscentibus
1537 1458 1700 1539 Argis
1719 1479 1743 1518 t

288 1523 412 1582 Ceu
435 1524 549 1583 duo
574 1525 798 1589 diverso
823 1534 1038 1608 pariter
1057 1536 1101 1592 si
1121 1536 1354 1594 fulmina
1381 1542 1519 1598 coelo

288 1609 481 1685 Rupta
509 1616 738 1687 cadant,
764 1615 1105 1701 longumque
1141 1623 1366 1685 trahant
1392 1640 1499 1704 per
1529 1629 1718 1688 nubila

509 1719 745 1758 crinem.

358 1795 489 1853 Non
523 1797 683 1855 aliter
716 1801 1152 1885 cursurap‘idae,
1192 1822 1359 1888 atque
1392 1813 1632 1873 immane

500 1883 803 1947 frementes
964 1899 980 1910 ”
1120 1900 1126 1904 “

280 1979 625 2039 Transiliunt
655 2006 914 2063 campos,
947 1983 1309 2070 aurigamque
1337 1997 1547 2076 impete
1575 2016 1731 2062 vasto
1752 2046 1769 2077 ,

183 2097 186 2100 ι
275 2063 648 2139 Amphiarae,
681 2082 838 2127 tuum
866 2081 1014 2145 (nec
1044 2075 1433 2153 defuitomen,
1458 2084 1661 2143 heriles

229 2164 234 2168 ·
272 2148 445 2204 Forte
473 2150 517 2205 is
539 2152 750 2227 primus
772 2178 948 2233 equos
968 2174 1161 2240 stagna
1183 2165 1256 2222 ad
1278 2170 1462 2235 vicina
1482 2172 1764 2254 trahebat)

274 2230 433 2286 Cerri
441 2234 620 2307 piunt.
642 2239 775 2300 Mox
794 2243 1130 2319 Taenarium,
1149 2251 1246 2328 qui
1263 2257 1553 2329 proximus
1573 2259 1774 2329 Idam,

272 2314 629 2393 AEtolumque
643 2324 987 2396 Athamanta
1003 2351 1291 2410 premunt.
1306 2342 1465 2420 Fuga
1481 2356 1641 2404 torva
1663 2364 1777 2421 'per-¹

483 2425 646 2481 agros
1662 2463 1669 2468 ’

265 2500 650 2580 Comipedum
669 2547 689 2576 ,
717 2508 832 2567 visa
857 2512 1034 2574 donec
1057 2520 1367 2587 flammatus
1390 2530 1706 2602 Aconteus,

261 2584 452 2661 Strage
479 2587 656 2647 virum
674 2634 691 2665 ,
722 2597 997 2660 cui'sueta
1025 2608 1172 2667 feras
1195 2627 1557 2686 prosternere
1587 2616 1762 2674 virtus

264 2666 460 2747 (Arcas
487 2680 639 2754 erat)
662 2680 846 2742 densis
870 2688 982 2760 jam
1002 2691 1117 2758 fida
1134 2695 1210 2750 ad
1233 2700 1434 2756 moenia
1457 2720 1646 2757 versas

258 2755 571 2834 Insequitur
589 2766 715 2823 telis
730 2812 745 2839 ,
768 2778 1121 2849 multumque
1140 2779 1344 2835 ‘hastile
1364 2801 1674 2858 nemmem,

259 2839 398 2911 Ter,
427 2861 647 2920 quater,
674 2855 920 2913 adducto
945 2880 1050 2933 pet:
1069 2872 1222 2936 terga
1239 2904 1255 2933 ,
1286 2886 1392 2940 per
1414 2866 1533 2938 ilia,
1562 2872 1720 2930 ferro

257 2924 555 3004 Transigit.
579 2936 693 2994 Issae
718 2955 907 2998 autem
924 2985 941 3014 ,
974 2945 1144 3022 longo
1167 2968 1291 3006 cum
1321 2952 1494 3012 limite
1518 2958 1628 3013 fusi
1682 2975 1705 2996 ⁴·

254 3003 583 3088 Sanguinis,
617 3022 688 3090 ad
714 3039 908 3098 portas
936 3030 1201 3112 utrinque
1232 3040 1503 3102 exstantia
1534 3041 1751 3102 ducunt
