2079 3613
305 340 430 399 288
556 346 1003 408 ΤΗΕΒΑῙυοε,
1052 341 1208 393 ΗΒ.
1258 343 1336 393 x,
1439 339 1539 415 ¹95

301 467 332 496 α
350 443 640 501 Aonidum·
653 444 820 519 legio.
850 445 1102 517 Tempus
1124 459 1274 496 nunc
1298 439 1502 495 fun‘era
1525 455 1724 514 regum
1807 441 1813 454 “

296 551 326 581 κ
349 525 578 599 ΠΙοίεοί-,’
606 531 979 603 miserumque
1006 526 1176 581 diem.
1205 523 1413 602 Rapite
1442 537 1626 596 arma,
1662 572 1666 576 .
1765 537 1767 539 ·

516 632 810 688 morasque
1050 605 1055 606 ⁷

297 723 325 753 κ
345 699 614 774 Frangite
639 710 970 773 portarum.
958 718 971 731 ·
993 695 1169 752 'sociis
1192 695 1306 753 hoc
1331 693 1572 752 subdere

511 784 759 838 flammas
778 823 795 854 ,

296 891 326 923 κ
345 870 471 924 Hoc
496 866 769 924 tumulare
797 885 944 923 suos·
969 844 1248 941 Equidem
1265 864 1375 920 hoc
1396 874 1454 919 et
1480 865 1664 919 Marte

506 951 709 1009 diurno
726 994 741 1022 ‚

295 1062 327 1092 α
345 1040 492 1094 Dum
514 1058 604 1094 res
625 1038 874 1095 infractae
890 1081 906 1109 ‚
935 1038 1196 1116 pulsique
1218 1037 1278 1092 in
1302 1029 1753 1111 tei-garedimus:

294 1146 325 1176 κ
351 1118 489 1201 (Per
510 1123 760 1200 tripodes
781 1127 906 1200 juro
921 1165 937 1193 ,
969 1136 1026 1179 et
1051 1121 1197 1197 rapti
1222 1141 1368 1179 nova
1390 1121 1507 1176 fata

507 1210 816 1283 magistri.)

291 1319 322 1348 κ
339 1287 503 1361 Vidi,
531 1305 590 1347 et
613 1313 703 1348 me
730 1293 985 1349 volucres
1010 1287 1480 1363 circumplausere
1505 1283 1789 1341 secundaea

286 1401 317 1431 α
338 1375 451 1434 Sed
474 1395 630 1430 nunc
656 1388 806 1430 certa
832 1375 1008 1431 fides:
1033 1371 1205 1427 modo
1232 1390 1352 1439 me,
1380 1369 1484 1425 sub
1508 1382 1678 1425 nocte

396 1469 399 1473 ’
501 1457 713 1526 silenti,

290 1560 320 1589 c<
340 1537 507 1609 Ipse,
533 1534 646 1606 ipso
673 1557 1002 1614 assurgenS,
1033 1540 1239 1593 iterum
1258 1533 1462 1590 tellure
1495 1532 1710 1601 soluta,

288 1644 319 1673 κ
339 1617 527 1689 Qualls
545 1629 665 1670 erat
694 1613 877 1693 (⁵010ss
900 1624 1175 1680 infecerat
1200 1624 1392 1677 umbra
1410 1615 1666 1693 jugales)

287 1727 318 1756 α
340 1701 702 1778 Amphiaraiis
726 1699 884 1756 adit:
915 1719 1047 1758 non
1055 1725 1209 1763 vanae
1234 1717 1483 1761 monstra
1509 1701 1712 1777 quietis
1726 1744 1743 1772 ,

285 1814 315 1844 κ
340 1788 462 1846 Nec
486 1806 681 1845 somno
702 1798 990 1865 comperta
1014 1785 1232 1863 loquor.
1263 1794 1466 1862 Tune,
1490 1786 1710 1867 inquit,

510 1873 719 1930 inertes

284 1987 319 2017 (ι
340 1958 638 2018 Inachidas
662 1957 878 2034 (redde
897 1958 1017 2015 haec
1043 1960 1330 2015 Parnassia
1351 1974 1527 2033 serta,

267 2008 284 2053 ί
504 2065 770 2121 meosque

177 2196 192 2211 ο
285 2156 315 2185 ι(
334 2129 535 2187 Redde
561 2125 746 2202 Deos)
774 2137 989 2181 tantam
1012 2126 1231 2200 patiere
1258 2127 1512 2184 amittere
1557 2121 1784 2186 nootem
1858 2175 1863 2180 .

286 2241 316 2268 α
336 2211 635 2288 Degener?>
662 2213 793 2265 Haec
814 2223 1037 2284 egomet
1066 2211 1193 2267 coeli
1218 2224 1433 2266 secreta
1449 2253 1466 2280 ‚
1493 2231 1776 2288 vagosque

287 2323 316 2352 «
334 2296 549 2350 Edocui
572 2291 799 2369 lapsus?
822 2293 986 2350 Vade
1012 2297 1133 2350 eia:
1163 2293 1434 2361 ulciscere
1461 2295 1612 2352 ferro

284 2403 313 2432 a
336 2381 453 2435 Nos
478 2381 688 2435 saltem.
715 2376 888 2447 Dixit,
918 2398 1122 2454 meque
1147 2378 1264 2437 haec
1285 2378 1359 2435 ad
1382 2379 1572 2436 limina
1595 2379 1777 2452 visuS,
1841 2411 1849 2423 ·

280 2487 310 2517 α
335 2464 580 2538 Cuspide
608 2462 854 2534 sublata,
883 2476 1119 2538 totoque
1140 2464 1429 2540 impellere
1457 2486 1643 2521 curru.

284 2572 313 2602 α
336 2553 521 2622 Quare
548 2548 693 2624 agite
714 2566 731 2617 ;
759 2547 1036 2605 utendum
1060 2550 1312 2626 superis:
1336 2571 1451 2607 non
1469 2551 1723 2606 eominus

502 2633 694 2692 hostes

278 2744 308 2774 «
332 2721 624 2777 Sternendi
639 2764 653 2787 ‚
679 2721 891 2778 bellum
913 2724 1065 2797 jacet
1080 2763 1097 2792 ,
1123 2734 1181 2777 et
1201 2721 1393 2778 saevire
1418 2731 1683 2795 potestas·

280 2828 310 2857 «
337 2807 421 2860 En
449 2806 547 2879 qui
574 2805 853 2864 aderunt?
879 2810 1034 2879 Quos
1059 2805 1270 2879 ingenti
1294 2824 1353 2860 se
1383 2802 1638 2860 attollere

498 2892 647 2947 fama
1290 2910 1295 2919 ·

282 3001 310 3029 κ
333 2976 461 3032 Non
486 2976 709 3050 pigeat,
739 2977 875 3036 dum
902 2977 1019 3033 fata
1046 2975 1269 3032 sinunt.
1252 2972 1279 3011 '‘'
1302 2973 1503 3031 iterum
1527 2992 1660 3032 ecee

498 3058 748 3134 benignae
1718 3072 1722 3075 “
