2079 3613
308 330 437 403 408
524 338 1042 401 Acn1LLE1DoS‚
1090 339 1233 399 ΗΒ.
1285 338 1400 391 111.
1533 341 1608 413 9⁶

306 436 662 512 Increpitans
686 455 890 512 magno
916 447 1100 491 vatem
1117 431 1429 490 Calchanta
1449 433 1689 490 tumultu
1705 470 1725 504 ‚

303 520 636 577 Protesilaus
651 520 758 590 ait}
785 521 1065 598 (namque
1087 518 1222 574 huie
1242 517 1453 573 bellare
1477 519 1690 593 cupido

304 604 593 680 Praecipua
616 645 634 675 ‚
649 616 703 660 et
715 603 908 680 primae
921 604 1034 675 jam
1053 615 1183 658 tunc
1203 603 1331 658 data
1359 602 1519 677 copia
1541 603 1754 659 mortis.
1775 599 1800 681 )

383 711 414 740 κ
433 689 486 746 O
501 689 731 744 nimium
751 687 979 756 Phoebi,
1004 685 1403 765 tripodumque
1423 683 1593 742 oblite

527 785 748 829 tuorum
766 812 784 842 ‚
1425 814 1428 817 -
1585 792 1592 793 ff

306 881 336 912 α
358 854 778 997 Τὴθεῒοῑίὀῖἰ8
758 856 988 932 quando
1017 874 1117 910 ora
1145 860 1264 910 Deo
1289 873 1542 932 possessa
1603 910 1606 919 ,

526 960 691 996 move
1579 962 1582 965 ·

299 1029 337 1081 ’κ
357 1028 393 1084 J
395 1038 604 1082 ustius
587 1021 614 1062 Ῥ
637 1036 736 1080 aut
759 1023 985 1099 quando
1009 1024 1314 1080 Parcarum
1334 1023 1557 1080 occulta

530 1099 786 1166 recludes
811 1106 840 1164 Ῥ

306 1221 336 1251 κ
356 1196 552 1255 Cernis
577 1206 638 1249 ut
657 1194 906 1269 ignotum
936 1194 1155 1262 cuncti,
1182 1205 1559 1270 stupeantque
1578 1235 1595 1265 ,

515 1291 823 1356 petantque

306 1389 337 1418 c<
358 1362 669 1423 AEaciden?
696 1364 881 1420 sordet
904 1363 1076 1436 vulgo
1103 1357 1442 1439 Calydonius
1470 1363 1636 1419 heros
1657 1403 1676 1433 ‚

304 1473 334 1503 α
355 1452 426 1506 Et
449 1466 663 1525 magno
675 1446 894 1522 genitus
917 1444 1263 1527 Telamone,
1292 1447 1552 1523 Aiaxque
1591 1460 1598 1461 ’

518 1522 800 1588 secundus
828 1571 845 1601 ‚

301 1644 334 1671 a
356 1618 473 1674 Nos
499 1634 758 1694 quoque:
783 1614 881 1672 sed
894 1606 1130 1672 Mavors
1148 1655 1166 1684 ‚
1187 1627 1529 1693 arreptaque
1555 1618 1724 1692 Troja

511 1699 856 1777 probabunt.

302 1811 333 1843 α
352 1786 518 1845 Illum
533 1783 796 1862 neglectis
811 1780 1026 1861 (pudet
1043 1783 1191 1842 heu.
1180 1782 1230 1862 ¹)
1260 1770 1585 1843 ductoribus
1601 1828 1618 1857 ,

515 1892 706 1928 omnes

300 1982 331 2013 κ
350 1957 688 2037 Belliger-um
713 1976 819 2014 ceu
833 1975 1042 2013 numen
1065 1966 1274 2012 amant.
1299 1954 1403 2012 Dic
1428 1957 1625 2027 ocius(
1649 1967 1745 2013 aut

515 2060 615 2096 cur

301 2148 332 2178 α
354 2125 507 2181 Serta
524 2124 696 2182 comis
721 2134 779 2180 et
803 2120 950 2184 mitis
971 2121 1157 2179 honos
1176 2120 1240 2203 Ῥ)
1268 2123 1469 2200 quibus
1495 2122 1719 2179 abditus

522 2207 685 2264 oris?

303 2316 332 2348 κ
348 2295 540 2364 Quave
560 2289 723 2364 jubes
746 2290 942 2360 tellure
964 2289 1131 2368 peti?
1157 2291 1299 2347 Nam
1318 2291 1464 2347 fama
1483 2309 1591 2347 nec
1615 2291 1793 2351 antris

303 2402 332 2431 κ
352 2373 614 2433 Chironis
628 2415 647 2445 ,
671 2374 853 2452 patria
878 2395 987 2431 nec
1007 2374 1208 2451 degere
1232 2376 1423 2432 Peleos
1444 2374 1587 2432 aula.

302 2487 332 2516 α
351 2463 452 2519 Eia
477 2481 670 2538 rumpe
687 2480 903 2533 moras,
933 2463 1130 2519 etfata
1154 2462 1384 2522 latentia
1403 2462 1526 2519 laxa
1555 2501 1571 2532 ‚

301 2571 331 2602 ι(
349 2546 793 2623 Laurigerosque
813 2546 972 2623 ignes
989 2587 1008 2617 ‚
1035 2546 1081 2603 si
1104 2548 1334 2622 quando
1351 2592 1371 2617 ‚
1395 2548 1748 2607 avidissimus

476 2675 481 2680 .
516 2631 682 2689 hauri
703 2653 717 2691 t
1599 2661 1604 2664 ·

301 2741 330 2770 α
351 2717 523 2773 Arma
545 2716 828 2774 horrenda
854 2716 957 2774 tibi
976 2757 992 2786 ‚
1020 2736 1306 2793 saevosque
1330 2717 1642 2776 remisimus

523 2820 702 2858 enseS.

302 2910 332 2939 ι(
349 2889 649 2960 Nunquam
670 2886 774 2942 has
796 2884 1047 2941 imbelles
1071 2886 1226 2960 galea
1250 2885 1537 2943 violabere
1562 2886 1750 2944 vittas».

302 2991 332 3022 c<
351 2968 436 3026 Sis
451 2968 586 3025 felix
599 3011 616 3040 ‚
635 2971 984 3046 numeroque
1011 2968 1220 3025 ducum
1238 2970 1595 3045 proestantior
1607 2968 1760 3025 omni
1778 2989 1797 3037 ς

301 3076 332 3107 α
348 3051 405 3109 Si
426 3072 690 3129 magnum
710 3055 917 3114 Danais
933 3073 1041 3130 per
1050 3065 1107 3111 te
1126 3054 1424 3131 portendis
1439 3053 1739 3114 Achillem.
1755 3077 1792 3119 υ,
