2079 3613
422 445 461 474 “
518 472 602 546 P.
659 471 1102 546 PAPINH
1153 471 1533 547 STATII
1597 550 1599 553 ,

476 629 1572 769 SYLVARUM

708 916 712 919 Α
790 812 1117 887 LIBRI
1182 814 1276 886 v.

539 1073 908 1161 LIBER
1004 1074 1507 1163 PRIMUS.

485 1345 909 1402 STATIUS
961 1333 1351 1402 STE'LLAE
1400 1345 1577 1402 SUO

845 1472 1213 1513 ssrurnu.

291 1668 433 1753 Dm
456 1740 473 1768 ‚
499 1696 848 1772 multumque
884 1694 1172 1766 dubitavi,
1196 1696 1399 1766 Stella,
1435 1699 1655 1772 juvenis
1680 1721 1790 1780 op-

291 1785 461 1854 time,
491 1794 550 1839 et
586 1780 649 1838 in
687 1780 885 1838 studiis
920 1780 1129 1837 nostris
1167 1781 1631 1857 eminentissime,
1680 1806 1791 1861 qua

292 1882 454 1949 parte
489 1865 860 1937 voluisti,.an
885 1865 992 1922 hos
1016 1864 1266 1936 libellos,
1302 1868 1399 1941 qui
1434 1868 1575 1924 mihi
1604 1870 1790 1928 subito

296 1954 510 2020 calore,
547 1964 604 2008 et
643 1951 886 2027 quadam
936 1949 1242 2026 festinandi
1284 1950 1573 2029 voluptate
1621 1949 1794 2012 fluite-

298 2052 463 2108 runt,
499 2058 626 2093 cum
647 2035 844 2113 singuli
865 2036 935 2093 de
957 2036 1080 2093 sinu
1110 2056 1235 2093 meo
1253 2036 1588 2112 prodiissent
1606 2078 1624 2109 ,
1660 2057 1793 2095 con-

297 2137 552 2204 gregatos
577 2123 697 2200 ipse
724 2121 1088 2179 dimitterem.
1105 2121 1257 2196 Quid
1277 2122 1421 2180 enim
1441 2136 1669 2201 oportet
1695 2125 1798 2180 hu-

297 2213 387 2287 jus
425 2226 656 2287 quoque
706 2206 1043 2264 auctoritate
1085 2205 1348 2267 editionis
1374 2208 1626 2277 onerari,
1667 2227 1795 2264 cum

298 2295 483 2353 adhuc
501 2314 606 2373 pro
642 2292 936 2352 Thebaide
969 2313 1089 2364 mea
1124 2293 1415 2372 (quamvis
1449 2314 1538 2351 me
1562 2292 1795 2369 relique-

302 2381 409 2463 rit)
446 2376 664 2438 timeo?
760 2375 765 2378 ’
1441 2444 1444 2447 ‚

375 2465 490 2523 Sed
509 2477 566 2519 et
594 2462 849 2520 Culicem
875 2462 1138 2536 legimus,.
1161 2459 1231 2518 ‘et
1261 2455 1801 2539 Batrachomyoma-

307 2550 492 2606 chiam
515 2550 680 2605 etiam
700 2547 1050 2622 agnoscimus
1067 2566 1082 2617 ;
1102 2566 1209 2603 nec
1225 2547 1516 2622 quisquam
1540 2560 1626 2603 est
1650 2547 1805 2604 iilus-

208 2649 211 2652 '
306 2635 475 2692 trium
498 2640 813 2711 poetarum,
851 2633 1087 2708 quinon
1124 2629 1337 2708 aliquid
1358 2631 1623 2708 operibus
1643 2631 1801 2688 seriis

306 2717 452 2796 stylo
487 2715 799 2775 remissiore
842 2714 1173 2793 praeluserit.

383 2801 578 2878 Quid?
599 2801 755 2878 quod
772 2800 893 2858 haec
907 2820 1090 2859 serum
1110 2812 1230 2857 erat
1244 2801 1548 2869 continere,
1566 2818 1689 2856 cum
1709 2799 1803 2856 illa

312 2906 413 2944 vos
441 2899 591 2943 certe
615 2928 631 2956 ‚
661 2906 899 2961 quorum
922 2883 1126 2941 honori
1142 2883 1273 2940 data
1293 2882 1542 2964 suntnha
1552 2882 1756 2958 beretjs
1775 2879 1804 2938 ⁴?

316 2970 429 3030 Sed
471 2970 627 3047 apud
672 2984 899 3028 caeteros
944 2989 1172 3028 necesse
1243 2982 1327 3026 est
1347 3011 1364 3040 ‚
1418 2969 1652 3025 multum
1698 2967 1803 3027 illis

311 3068 507 3134 pereat
537 3075 606 3112 ex
647 3058 804 3128 venia
829 3099 845 3126 ,
887 3075 1013 3112 cum
1060 3053 1344 3111 amiserint
1368 3094 1384 3124 ‚
1434 3072 1600 3128 quam
1633 3052 1804 3109 solam

974 3233 1039 3260 2—
