2079 3613
443 330 598 424 '578'
688 345 1139 406 TnEssAmos,
1192 345 1338 393 ΜΒ.
1391 347 1500 394 ix.
1646 338 1765 415 267

270 448 561 502 Extorrem
582 445 855 513 nemoriS,
887 440 1296 519 Dryadumque
1322 460 1359 504 a
1386 438 1554 515 plebe

525 532 774 605 fugatam
803 548 816 584 ε

272 619 426 694 Saepe
448 634 622 673 novos
644 614 762 670 nati
788 613 935 671 bello
960 611 1186 669 rediisse
1214 609 1560 686 triumphos,

276 706 588 779 Armaque,
620 712 679 756 et
703 698 980 776 alipedem
1002 711 1225 766 notum,
1241 695 1600 772 comitesque

495 784 723 845 videbat
740 826 756 855 ,

277 872 562 947 Nusquam
587 869 807 944 ipsum3
835 888 984 925 nunc
1011 888 1083 925 ex
1100 866 1351 924 humeris
1376 866 1593 923 fluxisse

495 955 788 1031 pharetras
806 994 822 1020 ,

278 1039 614 1115 Effigiesque
642 1054 799 1105 suaS‚
828 1033 1231 1109 simulacraque
1258 1047 1390 1089 nota
1411 1036 1664 1092 cremari.

277 1120 591 1197 Praecipuos
618 1118 717 1175 sed
738 1118 887 1174 enim
907 1116 1000 1173 illa
1022 1127 1205 1173 metus
1229 1117 1563 1193 portendere
1588 1119 1706 1175 visa

498 1211 583 1261 esi
1748 1194 1759 1200 ⁴

280 1290 410 1347 Nox
431 1288 676 1361 miserae,
705 1298 940 1363 totoque
970 1284 1149 1343 erexit
1174 1296 1406 1362 pectore
1431 1299 1686 1343 matrem.

280 1375 428 1432 Nota
454 1394 559 1449 per
578 1373 854 1432 Arcadias
876 1370 1027 1428 felici
1047 1370 1250 1428 robore
1276 1370 1464 1449 sylvas

279 1465 530 1533 Quercus
556 1473 704 1530 era-t,
732 1457 909 1516 triviae
933 1456 1520 1534 quam-desacraverat
1546 1456 1668 1533 ipsa

280 1546 530 1601 Electam
557 1544 1037 1602 turba-nemorum
1065 1582 1084 1612 ,
1109 1563 1431 1620 numenque

498 1628 802 1685 colendum

281 1717 540 1770 Fecerat.
567 1715 677 1771 Hic
700 1733 865 1771 arcus
881 1754 899 1783 ,
922 1727 980 1769 et
1005 1713 1144 1768 fessa
1170 1707 1616 1790 reponere‘tela,

280 1804 556 1875 Armaque
582 1819 752 1857 curva
775 1818 935 1854 suum
953 1839 968 1867 ,
999 1811 1056 1853 et
1084 1817 1383 1854 vacuorum
1412 1813 1565 1874 terga

508 1881 737 1940 leonum

286 1982 484 2056 Figere
500 2021 514 2047 ‚
541 1992 595 2035 et
614 1979 873 2056 ingentes
899 1977 1177 2054 aequantia
1205 1997 1412 2035 cornua
1433 1979 1635 2056 sylvas.

283 2068 399 2125 Vix
420 2066 586 2122 ramis
610 2067 767 2123 locus
790 2083 805 2121 ι
835 2077 1081 2141 agrestes
1106 2066 1241 2119 adeo
1269 2063 1450 2120 omnia
1476 2065 1705 2141 cingunt

286 2151 540 2220 Exuviae,
568 2164 623 2208 et
649 2150 882 2208 viridem
906 2151 1044 2206 ferri
1081 2150 1231 2207 nitor
1258 2149 1490 2227 impedit
1518 2152 1786 2214 umbram.

288 2228 472 2305 Hanc,
501 2248 560 2293 ut
586 2238 731 2293 sorte
760 2235 901 2312 jugis
921 2234 1088 2312 longo
1113 2238 1328 2294 defessa
1355 2235 1576 2293 redibat

287 2323 544 2392 Venatu,
571 2325 740 2380 modo
766 2337 927 2400 rapta
957 2323 1119 2382 ferox
1146 2322 1578 2398 Erymanthidos
1601 2344 1739 2380 ursae

189 2450 222 2477 ,Ι
270 2406 405 2477 ,ΟΜ
432 2410 619 2464 serens
637 2448 654 2476 ‚
682 2408 860 2463 multo
886 2409 1218 2484 proscissam
1247 2407 1477 2464 vulnere
1507 2411 1683 2466 cernit

146 2486 250 2565 ?·³J'‘
269 2483 634 2565 'ssDeposuiss‘egt'
660 2509 905 2560 comam,
935 2504 991 2546 et
1017 2504 1269 2547 rorantes
1292 2493 1566 2569 sanguine
1590 2513 1773 2552 ramos

296 2573 595 2649 Expirasse
621 2575 753 2630 sole.
780 2577 1057 2646 Quaerenti
1082 2577 1349 2649 Nympha
1370 2590 1628 2634 cruentas

295 2660 578 2715 Maenadas
595 2699 610 2727 ,
639 2671 809 2734 atque
835 2657 1055 2713 hostem
1081 2657 1221 2713 dixit
1239 2659 1451 2715 saevisse
1549 2655 1552 2658 ⁴

521 2745 777 2820 Lyaeum.

295 2835 443 2886 Dum
465 2830 639 2906 gemit
657 2872 673 2901 ‚
704 2843 760 2886 et
782 2829 1018 2907 planctu
1044 2829 1352 2888 circumdat
1377 2845 1578 2909 pectus
1607 2833 1793 2909 inani,

301 2915 597 2993 Abrupere
624 2915 773 2973 oculi
797 2929 1048 2988 noctem,
1078 2930 1389 2993 moestoque
1415 2914 1610 2976 cubili'

298 2999 495 3069 Exilit,
523 3013 580 3056 et
605 3000 773 3058 falsos
794 3002 992 3079 quaerit
1018 3012 1122 3079 per
1141 3000 1352 3060 lumina
1376 3005 1556 3063 fletus·

374 3086 523 3164 Ergo
547 3098 611 3142 ut
636 3086 796 3146 inane
821 3087 977 3146 nefas
996 3124 1013 3158 ‚
1045 3108 1226 3147 merso
1252 3101 1338 3147 ter
1369 3090 1560 3163 crine,
1590 3092 1665 3168 pi<
1728 3096 1738 3123 ·’
1779 3162 1802 3177 ἢ
